1846 3242
69 380 134 416 20.

15 679 20 683 .
69 650 136 687 21.

71 925 138 962 22.

73 1269 138 1304 23.

76 1542 142 1578 24.

78 1816 144 1852 25.

80 2093 145 2129 26.

92 2714 155 2749 27.

655 275 986 306 ...xl-—

165 379 281 424 (Linn.
311 382 337 423 ς
369 376 482 426 233.)
542 379 689 414 Nomina
711 378 881 424 generiea
915 377 1079 412 classium
1112 380 1149 412 et
1179 375 1342 412 ordinum
1368 376 1578 412 naturalium
1619 406 1622 410 ,

273 448 548 482 nomenclaturis
580 443 793 491 communia,
826 446 1020 481 omittenda
1053 449 1144 480 sunt.

275 516 378 559 [Male
408 515 581 550 Ferussac
612 515 759 550 familias
791 514 919 549 eodem
941 514 1084 549 nomine
1106 512 1297 559 significat,
1330 522 1401 558 quo
1422 523 1580 558 generaz,

343 588 381 618 ut
411 583 599 628 Cyclades,
636 583 824 623 Trochos.]

167 651 281 695 (Linn.
313 653 338 695 ἓ
370 652 481 695 234.)
554 652 705 687 Nomina
745 651 915 696 generica
961 650 1167 685 diminutiva
1217 653 1253 685 et
1301 650 1423 695 lingua
1461 648 1582 684 Latina

276 725 454 767 contorta,
486 722 645 767 quamvis
677 731 748 755 non
779 721 1097 766 praestantissima,
1129 719 1316 754 toleranda
1348 722 1440 753 sunt.

275 791 489 834 [Tornatella
520 790 660 825 Lamck.
722 789 882 825 Solidula
919 788 1037 824 Fisch.
1098 786 1260 822 Furcella
1290 786 1430 821 Lamck.
1491 785 1582 821 Tes-

343 859 491 894 tacellus
526 857 757 903 Faure-Big.]

168 925 283 970 (Linn.
314 927 338 969 δ
372 926 484 970 235.)
556 926 706 960 Nomina
746 924 915 971 generica
956 924 1132 970 adJectiva
1183 921 1416 959 substantivis
1458 921 1583 968 pejora

275 998 356 1030 sunt
387 994 549 1039 adeoque
581 1004 651 1028 non
686 994 832 1038 optima.

276 1062 446 1106 [Onustus
482 1062 649 1107 Humplir.
710 1061 858 1096 Ultimus
900 1061 1024 1096 Montf.
1083 1060 1274 1105 Longaeva
1304 1058 1427 1093 Muhlf.
1486 1057 1584 1093 Mer-

345 1131 487 1166 cenaria
529 1131 670 1166 Selium.
729 1130 839 1165 Lutea
880 1129 1023 1165 Brown.
1083 1128 1251 1164 Janthina
1291 1125 1434 1161 Lamck.
1493 1126 1585 1161 Pro-

345 1200 472 1234 ductus
505 1199 618 1241 Sow.]

176 1268 289 1311 (Linn.
320 1269 344 1310 ς
377 1264 489 1315 236.)
565 1267 712 1302 Nomina
754 1266 924 1312 generica
970 1275 1041 1300 non
1086 1262 1244 1299 abutaris
1292 1262 1337 1298 ad
1383 1265 1586 1297 sanctorum

278 1337 504 1371 hominumve
546 1336 580 1371 in
620 1337 688 1371 alia
730 1340 805 1371 arte
846 1335 1034 1370 illustrium
1076 1333 1237 1369 favorem
1277 1332 1489 1377 captandum
1527 1334 1587 1366 aut

278 1406 484 1440 memoriam
515 1405 805 1440 conservandam.

280 1475 484 1517 [Dreisseua
514 1475 592 1509 Van
624 1474 754 1509 Beued.
814 1474 968 1509 Lazarus
1001 1471 1087 1507 Cuv.
1146 1470 1313 1516 Magdala
1345 1469 1490 1511 Leaoh.]

173 1541 289 1588 (Linu.
321 1543 345 1584 ἕ
379 1542 490 1586 237.)
550 1542 698 1576 Nomina
732 1543 901 1587 generica
932 1541 1097 1587 poetica,
1130 1541 1285 1574 Deorum
1317 1539 1422 1583 ficta,
1454 1538 1591 1582 Regum

280 1616 504 1655 consecrata,
538 1616 573 1646 et
603 1615 849 1657 promotorum
873 1609 1135 1653 Malacologiae
1167 1607 1376 1653 promerita,
1409 1606 1561 1641 retineo.

280 1680 452 1725 [Marsyas
475 1679 587 1715 Oken.
627 1680 732 1715 Doris
754 1679 852 1714 Linn.
892 1678 1122 1724 Hippocrena
1141 1676 1265 1711 Montf.
1312 1675 1434 1711 Janira
1448 1674 1591 1710 Solium.

349 1748 492 1784 Hecuba
524 1748 666 1783 Selium.
728 1747 826 1782 Halia
857 1747 973 1783 Risso.
1033 1747 1201 1782 Lachesis
1233 1746 1339 1788 Riss]

176 1815 292 1861 (Linn.
323 1818 347 1859 ἓ
380 1813 493 1863 238.)
553 1816 703 1851 Nomina
742 1816 910 1860 generica
956 1815 1001 1849 ad
1037 1814 1252 1859 Malaoologi
1298 1813 1432 1859 optime
1477 1810 1593 1846 meriti

282 1887 486 1921 memoriam
518 1885 799 1921 conservandam
832 1887 1038 1919 constructa
1070 1886 1191 1917 sancte
1223 1880 1397 1917 servanda
1430 1883 1522 1914 sunt.

282 1954 445 1998 [Peronia
463 1954 595 1989 Blainv.
637 1953 771 1988 Listera
797 1952 893 1987 Turt.
933 1953 1058 1987 Rissoa
1085 1951 1258 1986 Freminv.
1286 1949 1479 1994 montagua
1504 1947 1590 1982 Fle-

353 2024 467 2069 ming.
480 2023 617 2058 Okenia
634 2022 847 2057 Leuckardt.
872 2022 1044 2057 Brocehia
1061 2021 1190 2056 Bronn.
1218 2016 1594 2058 ChemnitziaD'Oer

179 2090 294 2143 (Linn.
326 2094 350 2136 ὃ
383 2093 495 2136 239.)
535 2093 685 2128 Nomina
716 2092 899 2137 generica7
933 2101 1022 2136 quae
1056 2090 1145 2125 citra
1175 2087 1435 2132 lllalacologiae
1466 2095 1595 2121 noxam

283 2162 449 2208 imposita
481 2166 575 2205 sunt,
608 2161 760 2196 caeteris
792 2160 950 2206 paribus,
981 2159 1129 2194 tolerari
1161 2158 1302 2193 debent.
1448 2147 1453 2152 ’

353 2230 464 2265 Noxia
495 2234 589 2275 sunt,
622 2241 710 2275 quae
743 2228 904 2264 dedimus
937 2229 974 2270 δ.
1008 2227 1045 2261 4.
1080 2228 1115 2261 5.
1150 2225 1302 2261 7-20.
1336 2224 1402 2260 23.

286 2300 406 2335 Latina
438 2299 615 2344 obscura,
648 2308 797 2344 quorum
831 2297 947 2331 fontes
979 2296 1209 2340 ignoramus,
1245 2294 1303 2329 vel
1335 2303 1426 2338 quae
1457 2291 1597 2338 origine

358 2369 463 2404 dubia
495 2368 662 2413 evadunt,
696 2365 905 2402 assumenda
937 2367 1031 2408 sunt,
1064 2362 1128 2397 sed
1159 2372 1229 2396 non
1261 2360 1439 2396 imitanda.

290 2439 427 2482 {Murex
457 2439 557 2481 Plin.]

289 2506 423 2542 Graeca
456 2507 609 2541 obscura
651 2503 906 2550 quamplurima
943 2505 1114 2537 eruuntur
1151 2499 1379 2543 difficillime,
1425 2501 1461 2533 et
1501 2500 1600 2532 eruta

360 2574 465 2609 dubia
496 2578 613 2609 tamen
644 2572 851 2619 persistunt.

292 2643 503 2690 [Aporrliais
535 2643 657 2684 Arist]

188 2713 302 2757 (Linn.
333 2715 357 2756 ὃ
389 2709 503 2759 240.)
562 2712 710 2747 Nomina
742 2710 935 2756 generica,
978 2717 1068 2753 quae
1100 2707 1344 2741 characterem
1376 2703 1602 2739 essentialem

292 2781 350 2815 vel
380 2780 536 2815 habitum
566 2779 763 2814 Malacozoi
794 2778 979 2820 exhibent,
1011 2776 1146 2821 optima
1178 2778 1269 2809 sunt.

297 2848 533 2892 [Hemicardia
563 2847 675 2882 Klein.
736 2846 874 2881 Lacuna
906 2845 1001 2880 Turt.
1062 2843 1289 2878 lnoceramus
1323 2839 1436 2880 Sow.l
