1846 3242
819 265 877 271 —-
954 250 1043 283 XIV
1121 262 1178 269 -

444 356 592 392 Nomina
623 355 792 402 generica
815 354 1093 400 sesquipedalia‚
1126 353 1314 389 enunciatu
1337 353 1497 389 difficilia
1516 353 1573 390 vel
1601 364 1755 389 nausea-

513 425 652 470 hunda,
686 417 856 469 fugienda
887 428 978 459 sunl.

444 494 838 539 [Hemipomatostoma.
870 492 1200 529 HomaloeeratiteS.
1233 492 1488 529 Odoncinetus.
1524 492 1756 537 Ichthyosai-

513 573 599 608 gon.
645 562 1026 608 Ichthyosarcolithus.
1060 562 1444 609 Ophiopomorphites.
1486 561 1756 607 Tanychlamys.

515 629 793 666 Gastroehaena.
862 629 1164 666 Orthambonites.
1236 631 1563 676 Hemicyclonosta.
1624 631 1758 667 Teleo-

513 699 695 746 geophila.
727 699 1024 745 Tetragonostea.
1070 701 1335 747 Trigonotreta.
1377 701 1692 746 Isognomostoma
1722 703 1759 736 et

512 769 699 805 innumera
730 770 826 813 alia]

239 837 303 874 36.
335 837 451 881 (Linn.
483 839 508 882 ἓ
541 838 654 881 250.)
713 838 886 874 Terminis
918 839 1002 874 artis
1034 838 1117 873 loco
1149 838 1330 873 nominum
1361 837 1614 884 genericorum
1645 837 1757 883 abuti,

444 906 684 941 inconsultum
716 909 783 941 est.

446 974 627 1017 [cochlea.
662 974 816 1009 Concha.
848 974 1003 1009 Pallium.
1036 974 1206 1020 Clypeus.
1239 974 1444 1016 Muscnlus]

239 1041 304 1077 37.
335 1041 450 1085 (Linn.
488 1044 513 1085 ς
557 1042 669 1086 251.)
744 1043 931 1078 Nominum
973 1043 1139 1078 classium
1181 1047 1217 1078 et
1256 1042 1419 1078 ordinum
1459 1053 1537 1077 cnm
1578 1041 1758 1088 genericis

444 1122 510 1157 par
540 1115 596 1145 est
627 1111 732 1146 ratio.

239 1179 304 1215 38.
336 1180 452 1224 (Linn.
493 1180 513 1226 §
546 1181 660 1226 252.)
735 1182 883 1218 Nomina
915 1180 1080 1217 classium
1110 1183 1146 1214 et
1176 1180 1339 1215 ordinum
1373 1190 1392 1215 e
1423 1179 1583 1225 viribus,
1630 1179 1758 1226 figura,

445 1249 641 1295 sculptura⁷
674 1250 797 1285 habitu
829 1250 954 1296 petita,
988 1249 1075 1283 mala
1108 1254 1200 1285 sunt.

444 1319 699 1364 [Purpurifera.
760 1319 990 1354 Anrisormia.
1051 1318 1290 1362 Fusisormia]

239 1387 303 1424 39.
335 1388 451 1431 (Linn.
482 1388 502 1434 §
536 1389 650 1431 253.)
725 1389 873 1424 Nomina
915 1388 1081 1423 classium
1123 1392 1158 1423 et
1190 1388 1353 1427 ordinum
1384 1391 1502 1424 notam
1534 1388 1761 1424 essentialem

445 1460 480 1491 et
513 1456 839 1492 cliaracleristicam
873 1457 1066 1491 includant.

447 1524 722 1570 [Brachiopoda.
782 1525 1108 1567 Nudibranchiata]

237 1592 304 1628 40.
336 1592 454 1636 (Linn.
486 1592 506 1639 §
539 1593 651 1636 254.)
710 1594 860 1629 Nomina
892 1595 1058 1630 classium
1091 1599 1127 1630 et
1161 1595 1325 1630 ordinum
1357 1608 1375 1631 a
1406 1595 1604 1631 Malaeozoi
1635 1595 1761 1642 cujus-

445 1662 524 1697 dam
555 1662 697 1696 nomine
730 1663 915 1707 desnmta,
958 1663 1022 1697 snb
1063 1673 1133 1708 quo
1176 1667 1285 1697 totam
1327 1664 1513 1698 cohortem
1550 1663 1759 1699 intellexere

443 1735 611 1776 veteres,
659 1731 694 1766 in
740 1742 876 1776 genere
923 1730 1092 1776 exclusa,
1143 1731 1317 1766 classibus
1365 1732 1582 1767 naturalibus
1626 1736 1760 1767 tantum

447 1800 649 1835 inserenda.

236 1867 304 1905 41.
334 1868 449 1913 (Linn.
482 1870 506 1912 ὃ
539 1869 655 1909 255.)
729 1868 878 1904 Nomina
918 1869 1083 1904 classium
1124 1873 1160 1904 et
1201 1869 1365 1905 ordinum
1405 1868 1547 1905 unico
1580 1869 1758 1905 vocabulo

443 1937 670 1972 constabunt.

447 2004 655 2051 [Cyoladea7
688 2014 759 2040 non
791 2003 957 2041 Conchae
989 2006 1206 2049 fluviatiles]
