1846 3242
686 276 754 283 .--
832 263 862 293 V
943 273 1011 280 ..--

93 383 290 447 qualiter
316 380 500 444 singula
529 381 683 443 capita
708 381 1021 426 tractaverim.
1086 378 1187 437 Sic,
1227 384 1276 424 ut
1296 378 1389 425 alia
1411 384 1603 437 taceam,

92 463 369 527 synonymia
413 475 634 524 generum
672 457 906 521 completa
954 460 1053 505 erui
1096 459 1254 520 nequit
1290 459 1374 502 nisi
1412 459 1608 521 praevia.

93 544 351 608 specierum
388 540 680 603 synonymia,
721 554 854 599 quam
879 539 1084 585 conflare
1111 537 1293 600 quidem
1330 539 1375 583 in
1414 537 1606 600 quibus-

93 623 194 669 dam
232 620 482 685 generibus
520 623 716 667 conatus
754 632 902 677 eram,
953 616 1040 663 sed
1081 619 1126 662 in
1163 617 1370 681 plurimis
1408 615 1609 664 nondum

95 702 438 750 inchoaveram.

232 799 438 847 Gratiam
481 793 845 860 persolvendam
882 795 964 842 vel.
1013 797 1254 842 maximam
1291 798 1408 843 viris
1456 795 1609 842 habeo

94 879 375 927 doctissimis
415 876 500 923 W.
539 875 742 921 Duuker
779 882 825 921 et
861 874 918 921 L.
953 875 1146 921 Pfeiffer
1183 874 1493 935 Cassellanis,
1534 877 1610 938 qui

94 959 310 1025 plagulas
367 959 490 1022 typis
546 971 802 1020 expressas
864 955 1171 1019 corrigendas
1226 973 1311 1002 sua
1366 955 1611 1003 voluntate

94 1044 415 1104 susceperunt.
498 1036 645 1093 Quem
701 1035 907 1082 laborem
962 1036 1051 1080 nisi
1104 1036 1396 1099 peritissimis
1451 1049 1611 1080 eorum

94 1120 299 1167 manibus
337 1120 622 1166 committere
659 1116 897 1175 licuisset,
937 1113 1170 1178 quomodo
1208 1113 1432 1179 expedite
1468 1113 1611 1178 perfi-

95 1200 288 1249 ciendus
325 1199 493 1245 fuisset:
530 1213 621 1244 non
657 1196 908 1261 perspicio.

233 1295 287 1340 In
324 1293 596 1342 evolvendo
622 1293 743 1339 libro
770 1291 923 1337 lector
948 1289 1171 1350 attendat,
1210 1306 1281 1337 me
1308 1304 1467 1337 omnes
1494 1304 1612 1351 quos

96 1392 185 1422 non
224 1377 325 1439 ipse
362 1373 458 1421 vidi
486 1373 622 1420 locos
649 1374 784 1435 signo
812 1374 1025 1419 asterisci
1051 1373 1126 1430 (ἓ)
1164 1373 1422 1419 notavisse.
1479 1370 1612 1428 Quos

96 1461 315 1501 auctores
355 1456 584 1517 inspicere
622 1451 726 1497 mini
764 1453 974 1514 contigit,
1015 1451 1132 1497 infra
1169 1450 1472 1514 consignabo.

235 1550 305 1609 Si,
346 1549 470 1611 quod
508 1549 746 1596 confidere
783 1551 865 1597 vix
902 1547 1112 1608 audeam,
1160 1548 1369 1595 cultores
1407 1562 1464 1594 ac
1508 1546 1611 1592 fau-

97 1637 223 1676 tores
261 1628 602 1692 malacologiae
638 1628 847 1675 libellum
875 1644 1021 1675 meum
1047 1631 1198 1693 pretio
1232 1627 1388 1690 aliquo
1426 1626 1614 1690 dignum

96 1716 332 1769 censeant,
371 1708 775 1773 exoptandamque
802 1707 1003 1755 habeant:
1032 1709 1225 1755 alteram
1253 1707 1413 1754 forsan
1442 1706 1612 1753 editio-

97 1806 197 1836 nem
233 1798 414 1836 auctam
452 1796 498 1835 et
535 1787 835 1846 emendatam,
876 1794 924 1834 ut
960 1788 1092 1834 libris
1130 1803 1233 1835 eum
1271 1789 1316 1832 in
1341 1786 1476 1833 finem
1499 1802 1613 1850 sup-

96 1867 306 1933 peditare
342 1884 414 1915 me
450 1868 600 1915 velint
636 1867 891 1914 rarioribus
929 1874 975 1914 et
1012 1869 1260 1932 pretiosiS,
1308 1882 1428 1929 rogo
1475 1870 1615 1927 atque

98 1966 209 2007 oro3
250 1949 590 2015 polliceorque,
629 1964 700 1995 me
737 1965 910 1994 summa
947 1962 1049 1994 cum
1088 1962 1200 1994 cura
1231 1945 1422 1993 eosdem
1445 1960 1614 1992 versa-

99 2038 244 2077 turum
292 2038 337 2077 et
386 2030 580 2076 illaesos
628 2030 942 2075 restituturum
992 2042 1113 2075 esse.
1190 2026 1383 2073 Gratam
1432 2038 1616 2087 quoque

99 2128 274 2158 omnem
325 2110 584 2174 symbolam
627 2110 709 2157 vel
758 2110 1099 2156 correctionem
1148 2125 1176 2153 a
1213 2109 1329 2154 viris
1379 2105 1532 2152 doctis
1570 2109 1618 2151 et

102 2192 312 2254 ingenuis
368 2189 571 2247 habeb03
627 2206 728 2234 nam
784 2188 902 2234 bene
956 2189 1107 2234 sentio
1163 2188 1406 2248 animoque
1462 2190 1614 2243 teneo,

101 2277 270 2331 quanta
306 2285 504 2314 mearum
543 2274 617 2314 est:
653 2269 820 2315 virium
856 2267 1107 2313 infirmitas.

241 2404 599 2467 Flensburgi
636 2406 679 2449 in
720 2403 892 2451 ducatu
931 2402 1244 2451 Sles'v'Icensi.

508 2493 655 2527 Kalend.
687 2493 832 2527 Junuar.
870 2492 989 2527 1546.

766 2610 843 2656 A.
874 2612 947 2656 N.
980 2611 1503 2656 lien-manuscu-
