1846 3242
259 407 295 442 4.
327 407 444 449 (Linn.

271 1394 305 1428 5.
339 1392 454 1439 (Linn.

278 2103 314 2137 ὃ.
346 2102 459 2145 (Linn.

830 301 900 307 ··—
970 287 1059 317 VIII
1130 297 1200 303 --

476 409 500 450 §
534 405 805 448 213—216.)
867 406 1106 451 Quaecunque
1137 406 1344 442 Malacozoa
1380 417 1514 452 genere
1546 407 1777 453 conveniunt⁷

466 478 594 512 eodem
636 477 780 511 nomine
821 476 994 521 generico
1036 476 1257 521 designanda
1299 481 1391 511 sunt.
1452 477 1716 522 Quaecunque,
1759 488 1778 511 e

465 544 670 590 contrado,
732 555 866 590 genere
914 544 1101 589 differunt7
1163 544 1307 579 diverso
1358 546 1501 580 nomine
1556 546 1778 592 designanda

466 617 558 648 sunt.
620 612 756 647 Nomen
796 612 1005 657 genericum
1037 613 1070 647 in
1103 614 1231 648 eodem
1273 625 1409 659 genere
1448 616 1589 650 unicum
1621 620 1657 650 et
1687 616 1778 651 idem

466 683 532 717 erit
565 681 617 724 Q).

466 752 570 795 [Male
602 751 773 787 Gualtieri
804 753 983 788 Museulos
1016 755 1197 797 nuncupat
1232 750 1271 794 1)
1302 751 1458 786 Naiadea
1491 752 1675 788 hodierna.

1230 820 1274 861 2)
1307 820 1529 866 Panopaeam
1561 826 1597 856 et
1627 821 1753 858 Arcas.

468 888 640 924 Similiter
672 889 860 925 Swainson
893 890 1035 925 nomine
1065 888 1292 925 Leiostomae
1324 890 1395 925 duo
1428 901 1563 935 genera
1595 891 1753 937 insignit.

467 958 540 993 Nec
572 958 757 1003 probanda
789 959 922 1006 duplex
953 960 1079 994 Listeri
1111 960 1354 996 denominatio
1388 961 1544 996 Strombi
1562 962 1618 997 vel
1635 963 1784 999 Rhombi

541 1037 606 1073 pro
639 1026 759 1062 Conis.

472 1098 598 1132 lnsana
638 1098 756 1133 rabies
796 1102 1005 1143 auctorum,
1053 1097 1110 1143 qui
1154 1097 1288 1143 absque
1336 1099 1550 1133 necessitate
1592 1099 1786 1144 generibus
1840 1088 1843 1089 ⁷

543 1166 634 1201 bene
675 1165 879 1201 constitutis
921 1176 1013 1200 nova
1056 1166 1239 1212 imponant
1278 1166 1445 1210 nomina·7
1491 1171 1529 1201 ut
1559 1167 1787 1212 Megadesma

543 1236 739 1281 Bowdicli,
787 1235 1032 1282 Potamophila
1066 1236 1189 1280 Sow.‚
1237 1235 1390 1281 Harpula
1437 1234 1605 1281 Swains.‚
1654 1236 1788 1271 Busiris

543 1306 648 1351 Riss.,
682 1305 909 1349 Dacryomya
940 1304 1084 1349 Agass.]

487 1394 511 1436 ς
550 1391 664 1438 217.)
723 1392 857 1427 Nomen
897 1390 1104 1436 genericum
1136 1400 1242 1424 unum
1275 1389 1441 1433 idemque
1473 1388 1514 1423 ad
1548 1388 1690 1423 diversa
1721 1389 1790 1424 de-

477 1461 649 1508 signanda
682 1472 815 1506 genera
848 1461 1062 1503 adsumtum,
1095 1458 1208 1492 altero
1240 1457 1322 1492 loco
1355 1455 1613 1491 excludendum
1646 1456 1725 1492 erit.

475 1530 689 1575 [Polydonta
721 1529 851 1573 Fisch.,
885 1532 919 1562 et
953 1527 1095 1561 Selium.

475 1600 610 1634 Nanina
641 1599 770 1643 Risso,
803 1602 839 1632 et
870 1597 976 1641 Gray.

477 1668 588 1703 Nassa
620 1666 746 1711 Klein,
778 1664 940 1709 Martini,
973 1663 1137 1709 Lainck.,
1171 1663 1313 1699 Selium.

477 1737 628 1773 Lobaria
660 1735 798 1780 Μῡὶῐεν,
832 1734 946 1778 Oken,
980 1733 1138 1780 schum„
1175 1734 1306 1769 Blainv.

479 1807 631 1842 Leachia
662 1804 845 1849 Lesueur,
879 1808 915 1838 et
944 1803 1060 1839 Risso.

481 1875 627 1920 Hyalina
659 1873 816 1917 Selium.⁷
849 1876 884 1906 et
915 1872 1058 1908 Studer.

481 1945 670 1992 Iphigenia
703 1943 858 1987 Selium„
892 1947 927 1977 et
959 1942 1063 1987 Gray.

482 2013 690 2049 Lamellaria
721 2012 906 2057 Montagu,
941 2015 977 2046 et
1008 2011 1133 2054 Oken.]

492 2101 515 2144 5
549 2099 665 2144 218.)
726 2100 793 2143 Qui
830 2110 959 2134 novum
999 2110 1110 2145 genus
1145 2099 1348 2143 constituit7
1381 2099 1497 2134 eidem
1530 2109 1659 2133 nomen
1690 2098 1794 2134 etiam

485 2171 670 2217 imponere
711 2173 864 2205 tenetur.
924 2169 961 2203 In
1003 2168 1154 2203 citandis
1196 2168 1413 2203 Malacozois
1463 2169 1648 2212 anonymis
1691 2167 1795 2202 facile

486 2250 588 2274 error
620 2238 873 2282 committitur,
905 2238 1020 2272 lector
1051 2237 1245 2271 seducitur.

485 2308 736 2354 [Quatrefages
778 2318 872 2343 novo
913 2307 1249 2342 Plilebentereorum
1292 2307 1417 2351 generi
1454 2305 1620 2340 Gallicam
1663 2308 1796 2340 tantum

556 2388 682 2412 vocem
737 2377 863 2413 Pavois
920 2376 1168 2420 consecravit3
1218 2396 1259 2400 —
1313 2386 1402 2421 quae
1456 2375 1575 2410 Latina
1631 2374 1797 2410 denomi-

556 2442 702 2488 natio?]

400 2699 440 2742 ἦ)
470 2699 520 2734 Ne
553 2698 722 2741 credant,
757 2698 813 2743 qui
845 2710 937 2734 nova
970 2704 1155 2735 exstruunt
1186 2703 1401 2743 systemata,
1445 2698 1511 2733 sibi
1546 2699 1577 2733 in
1618 2702 1797 2744 potestate

284 2768 391 2801 esse,
434 2767 509 2791 eam
551 2755 597 2790 ob
641 2765 780 2788 causam
825 2760 959 2791 mutare
1001 2758 1153 2791 nomina.
1216 2756 1320 2791 Certe
1363 2756 1457 2790 nullo
1497 2755 1688 2800 privilegio
1731 2757 1798 2790 hoc

285 2815 490 2857 obtinetur,
538 2812 605 2846 nisi
651 2811 739 2845 falsa
786 2812 975 2847 manifesto
1023 2814 1092 2847 sint
1139 2814 1291 2847 nomina.
1353 2813 1471 2846 Linn.
1514 2811 1621 2846 Critic
1680 2813 1799 2847 botan.

286 2881 319 2915 p.
355 2869 417 2904 13.
449 2870 579 2904 citante
611 2867 798 2913 Sprengel.
