1846 3242
232 371 458 429 locorum‚
494 372 538 415 in
562 369 728 432 quibus
754 374 976 414 auctores
999 366 1254 412 sententias
1282 382 1393 411 suas
1417 365 1750 430 deposuerunt.

230 451 367 498 Nihil
404 450 464 497 de
501 466 628 497 novo
667 446 915 496 condendo
953 452 1209 511 systemate
1247 444 1321 493 hic
1358 445 1453 493 loci
1485 446 1649 506 dicam,
1688 447 1752 493 nil

231 529 291 577 de
338 529 465 577 clavi
515 528 909 575 Malacozoorum
965 524 1283 584 conficienda,
1340 531 1419 572 aut
1473 528 1753 589 synonymia

230 612 490 674 specierum
523 608 822 656 elaboranda.
896 608 1043 667 Quae,
1084 608 1294 670 quamvis
1323 612 1369 653 et
1396 609 1534 654 tironi
1560 614 1606 654 et
1637 623 1752 655 can-

230 689 413 747 didato,
453 695 502 735 ut
539 704 639 736 cum
679 687 890 735 Linnaeo
930 687 1192 750 loquamur,
1231 688 1429 733 maxime
1468 689 1751 745 necessaria,

230 770 334 818 aliis
374 770 638 833 relinquere
676 771 900 833 cogimur.

368 865 451 912 Ad
515 882 779 930 synonyma
842 864 966 928 quod
1033 872 1238 930 spectat,
1306 867 1505 913 Menkei
1570 865 1751 928 quidem

231 945 471 1010 Synopsis
510 945 669 992 horum
709 948 888 1010 copiam
927 945 1208 1009 suppeditat,
1248 945 1333 992 sed
1360 946 1501 992 multa
1536 945 1629 991 alia
1665 945 1752 991 ad-

230 1026 381 1072 denda
409 1033 494 1072 tam
525 1028 831 1073 recentiorum
865 1028 1158 1090 scriptorum,
1199 1043 1330 1088 quam
1357 1025 1750 1090 praecedentium.

229 1106 309 1152 Ad
332 1105 661 1153 emendandam
688 1112 841 1152 autem
868 1105 1261 1153 nomenclaturam
1284 1106 1530 1153 redeamus
1554 1121 1753 1154 necesse

229 1191 303 1232 est
340 1184 400 1231 ad
436 1185 572 1249 leges
612 1188 725 1231 istas
757 1192 846 1232 tam
880 1186 1085 1250 improbe
1112 1186 1372 1249 neglectas⁷
1412 1204 1526 1250 quas
1564 1189 1751 1233 immor-

229 1264 336 1311 talis
374 1264 611 1312 Linnaeus
659 1283 793 1328 quum
833 1268 876 1310 in
914 1266 1095 1314 Uritica
1132 1267 1372 1327 botanica,
1424 1274 1515 1314 tum
1552 1270 1597 1313 in
1635 1267 1752 1313 Phi-

228 1344 446 1410 losophia
484 1345 701 1394 botanica
736 1349 910 1411 primus
944 1347 1093 1393 fusius
1131 1349 1366 1412 exposuit.
1441 1347 1574 1405 Quae
1610 1363 1751 1412 prae-

230 1434 368 1491 cepta
404 1427 760 1491 Malacologiae
799 1444 918 1474 nunc
967 1426 1186 1491 adaptata
1230 1426 1316 1473 sub
1353 1426 1487 1474 finem
1524 1427 1751 1492 prooemii

228 1506 470 1554 revocabo
510 1507 832 1572 exemplisque
870 1506 1133 1553 illustrabo.

366 1616 505 1674 Quod
543 1614 819 1680 opusculum
871 1628 1016 1660 meum
1066 1614 1244 1676 magnis
1289 1615 1531 1660 etiamnum
1570 1612 1751 1660 lacunis

228 1703 288 1756 et,
329 1697 494 1759 quibus
531 1699 679 1761 magis
717 1710 1034 1751 commoveor,
1074 1696 1241 1740 erratis
1279 1694 1478 1754 laboret,
1516 1710 1751 1742 excusare

226 1776 376 1823 velint
412 1776 620 1824 lectores
660 1782 751 1822 tum
788 1791 932 1839 parca
968 1772 1214 1819 admodum
1251 1774 1499 1835 librorum,
1552 1791 1669 1838 quos
1707 1777 1752 1821 in

229 1874 360 1904 usum
398 1857 583 1904 trahere
621 1859 775 1921 potui,
815 1854 1170 1920 suppellectile,
1211 1862 1302 1901 tum
1341 1858 1475 1901 etiam
1515 1855 1751 1904 domicilio

230 1952 333 1984 meo
381 1936 439 1983 ab
490 1937 700 1984 omnibus
749 1937 975 1982 scientiae
1024 1942 1215 1982 nostrae
1253 1936 1514 1983 cultoribus
1554 1943 1750 1983 remoto.

227 2015 596 2063 Accurationem
633 2032 752 2064 vero
798 2030 902 2061 mea
946 2014 1006 2061 de
1048 2024 1181 2080 parte
1228 2023 1275 2063 et
1314 2019 1624 2081 integritatem
1660 2033 1753 2065 non

229 2094 538 2143 desiderabis.
573 2126 630 2130 —
673 2094 963 2142 Academiae
1000 2099 1223 2143 nostratis
1246 2097 1540 2144 Kiloniensis
1580 2098 1752 2147 biblio-

230 2173 391 2235 theca,
443 2177 654 2238 quamvis
692 2192 859 2238 magna
896 2191 998 2223 cum
1035 2176 1318 2224 liberalitate
1355 2177 1462 2223 mihi
1500 2179 1752 2243 patefacta,

231 2255 362 2301 libris
416 2255 785 2318 Malz‘tcologiam
840 2256 1140 2303 attinentibus
1208 2274 1298 2304 non
1355 2274 1468 2305 sane
1523 2258 1752 2306 abundat:

230 2335 400 2383 desunt
438 2339 728 2384 recentiores
765 2337 1022 2401 zoologiae
1048 2337 1390 2402 Ephemerides
1427 2339 1527 2386 fere
1565 2356 1752 2399 omnes3

230 2415 451 2463 deficiunt
488 2416 777 2479 Anglorum,
826 2417 1072 2474 Italorum,
1123 2418 1392 2478 Gallorum,
1438 2420 1752 2469 Americano-

230 2512 328 2541 rum
378 2511 523 2560 opera
559 2497 642 2544 vel
693 2499 894 2562 optimae
942 2506 1108 2556 notae3
1156 2498 1482 2546 desiderantur
1518 2502 1755 2548 itineraria

231 2575 443 2639 plurima.
519 2575 642 2633 Quid
679 2580 853 2638 mirum,
893 2578 1017 2641 quod
1056 2578 1116 2626 de
1153 2580 1275 2627 locis
1299 2579 1544 2644 Orbignyi,
1585 2580 1752 2646 Grayi⁷

232 2655 534 2719 Rafinesquei
571 2657 859 2721 aliorumque
908 2674 1170 2723 perpauca,
1220 2658 1344 2722 quod
1394 2658 1453 2706 de
1502 2660 1755 2723 generibus

231 2735 467 2783 nonnullis
504 2736 566 2782 nil
605 2737 743 2802 plane
780 2739 949 2785 afferre
985 2739 1142 2803 potui!
1173 2765 1242 2771 —
1276 2737 1390 2784 Nec
1427 2738 1599 2784 factum
1635 2754 1752 2786 con-

231 2816 356 2864 sulto
394 2822 493 2877 est,
543 2817 630 2866 sed
678 2819 958 2866 auxiliorum
1004 2821 1182 2884 inopia,
1233 2817 1359 2881 quod
1395 2821 1583 2883 saepius
1620 2821 1751 2868 inae-
