1846 3242
629 277 686 282 —-
762 263 852 294 XIII
929 275 987 283 —-

260 365 398 401 Transit
427 374 476 415 yy
506 365 540 399 in
572 376 621 409 ng
643 383 686 388 —
708 363 879 408 Angaria.

422 442 472 482 γχ
504 433 539 466 in
570 433 638 467 neh
659 451 701 456 —
726 432 959 469 Anchistoma
990 444 1061 470 non
1093 433 1331 480 Angystoma.

425 511 450 536 κ
481 501 516 535 ιἰι
548 511 566 535 c
591 520 632 524 —-
657 501 899 547 Hippocrena,
932 514 1003 538 non
1034 503 1318 549 Hippoclirenes.

427 579 467 607 οι
498 569 532 603 in
565 579 610 603 oe
633 588 675 592 —
700 569 848 615 Dioeca‚
882 582 952 606 non
984 572 1119 607 Dioica.

425 649 471 677 ον
501 638 603 673 finale
636 639 670 672 in
701 650 758 673 um
783 659 825 664 —
849 639 1076 685 Ephippium.

385 744 390 748 ,
430 717 478 751 ος
508 709 611 744 finale
643 708 678 743 in
708 720 748 743 us
773 727 815 732 -
840 707 1090 754 Euomplialus.

423 788 473 815 ov
506 778 540 812 in
572 789 593 812 u
617 797 657 803 —
682 776 876 819 Laterium,
910 787 980 811 non
1011 776 1205 811 Lotorium.

424 841 474 898 ῤῥ
507 846 541 880 in
572 844 631 879 rrh
655 864 697 869 -
722 844 962 890 Pliyllirrlioa,
995 856 1065 880 non
1097 844 1288 890 Phylliroe'.

426 926 451 952 υ
484 915 518 949 in
549 925 573 959 y
596 933 637 939 —
661 912 891 958 Hybolithus,
924 924 994 949 non
1025 914 1212 950 Hibolites.

425 995 459 1037 φ
490 985 524 1019 in
556 983 603 1030 ph
627 1002 669 1007 —-
693 982 841 1016 Phorus.

424 1065 449 1101 χ
479 1054 515 1088 in
547 1054 591 1088 ch
613 1072 655 1077 —-
679 1050 846 1086 Cochlea.

272 1135 393 1170 Restat
423 1143 444 1170 ε
467 1152 509 1157 —-
533 1143 552 1167 e
576 1151 618 1156 —-
642 1131 791 1176 Hyalea,
824 1141 894 1165 non
926 1130 1095 1175 Hyalaea.

422 1212 437 1238 ι
459 1221 501 1228 -
525 1202 535 1236 i
558 1219 599 1226 --
623 1200 789 1245 Anomia,
820 1211 892 1235 non
923 1199 1100 1244 Anomya.

256 1284 451 1328 [Derivatio
472 1282 728 1318 vocabulorum
760 1282 953 1317 secundum
985 1282 1086 1328 leges
1118 1282 1275 1328 linguae,
1309 1294 1353 1318 ex
1375 1295 1443 1330 qua
1464 1283 1565 1319 radix

320 1354 465 1400 petitur⁷
499 1351 688 1386 efficienda
721 1356 786 1386 est.

322 1423 398 1457 Non
430 1420 703 1465 Alasmodonta,
737 1420 800 1455 sed
830 1419 1147 1455 Anelasmodonta.

321 1492 398 1526 Non
428 1489 791 1535 Aspidobrancliiata,
825 1488 889 1523 sed
922 1487 1241 1532 Aspidobranchia.

322 1560 400 1594 Non
430 1557 751 1601 Pectinibrancliia,
784 1558 848 1592 sed
878 1557 1248 1599 Pectinibranchiata]

253 1639 449 1683 [Vocabula
470 1637 668 1683 composita
690 1636 846 1671 Graecae
867 1638 1031 1682 originis,
1065 1648 1214 1683 quorum
1238 1637 1432 1672 terminalis
1464 1637 1564 1673 radix

319 1706 464 1752 generis
503 1705 696 1749 neutram,
744 1704 779 1738 in
811 1715 838 1740 cc
875 1706 1021 1749 exiens,
1060 1705 1220 1750 genitivo
1263 1714 1364 1747 ατος
1395 1706 1562 1751 flectitur,

319 1776 502 1812 nonnisi
535 1773 771 1820 adjectivo
805 1784 911 1808 sensu
943 1774 1165 1809 adhibentur.
1221 1774 1308 1809 Hinc
1330 1775 1360 1810 si
1391 1775 1564 1810 neutralia

321 1856 468 1880 numero
508 1844 635 1890 plurali
677 1842 894 1886 obveniunt,
941 1846 979 1877 ut
1016 1842 1280 1887 Adeloderma,
1323 1843 1562 1888 Cricostoma,

321 1914 554 1949 terminentur
584 1912 743 1958 genitivo
777 1921 920 1955 orum3
961 1911 1014 1945 sin
1047 1915 1163 1945 autem
1196 1911 1368 1956 singulari
1400 1921 1563 1955 numero⁷

320 1987 358 2017 ut
387 1981 666 2028 Amphidesma‚
700 1980 951 2025 Cyclostoma,
995 1981 1154 2015 feminini
1187 1985 1290 2015 erunt
1320 1981 1487 2026 generis,
1528 1984 1564 2015 et

319 2052 574 2087 declinabimus
610 2049 927 2095 „Cyclostomae‚“
970 2069 1014 2074 —
1047 2050 1270 2085 Documento
1302 2050 1372 2084 sint
1401 2054 1563 2085 veterum

316 2121 458 2155 nomina
490 2109 832 2170 ὀστρακόδερμα,
863 2113 1120 2171 τρίστομος,
1151 2110 1353 2167 ἄδεσμος.

391 2199 492 2234 Omni
523 2200 579 2234 vel
613 2199 734 2244 specie
773 2204 893 2234 rectae
932 2201 1078 2234 rationis
1120 2200 1155 2234 hi
1197 2200 1458 2244 destituuntur,
1502 2200 1562 2246 qui

321 2270 581 2304 Pleurotomam
614 2269 812 2313 similiaque
844 2269 1017 2303 vocabula
1049 2270 1218 2304 neutralis
1251 2270 1395 2315 generis
1419 2270 1561 2305 habent.

325 2338 539 2374 Conferatur
575 2331 836 2389 περίτομος.]

50 2420 113 2456 34.
144 2419 304 2463 [Nomina
334 2419 511 2464 classium,
545 2420 720 2465 ordinum,
753 2421 835 2466 quin
866 2423 902 2454 et
934 2418 1142 2453 familiarum
1174 2418 1307 2463 optime
1329 2417 1563 2452 terminentur

251 2489 403 2524 neutrali
434 2500 567 2535 genere
598 2494 634 2525 et
663 2501 811 2525 numero
839 2488 988 2536 plurali3
1020 2487 1330 2533 subintelliguntur
1356 2487 1448 2522 enim
1466 2486 1561 2522 Mol-

249 2558 348 2593 lusea
378 2558 435 2593 vel
465 2558 682 2594 Malacozoa.

251 2627 461 2672 Subgenera
493 2627 625 2673 optime
657 2638 792 2673 genera
823 2638 886 2662 sua
917 2625 1096 2661 nominum
1127 2635 1215 2659 sexu
1247 2628 1451 2670 sequantur.

251 2695 363 2730 Minus
395 2696 486 2731 bene
518 2696 727 2731 familiarum
758 2696 900 2732 nomina
930 2695 965 2729 in
999 2692 1130 2738 „idae“
1165 2693 1320 2736 exeunt]

49 2773 112 2808 35.
145 2773 258 2817 (Linn.
289 2776 314 2817 δ
346 2774 440 2809 248.
473 2774 586 2818 249.)
646 2775 860 2811 Terminatio
887 2779 923 2810 et
947 2785 1055 2810 sonus
1081 2774 1260 2809 nominum
1292 2772 1558 2820 genericorum,

251 2845 415 2887 quantum
447 2841 523 2877 fieri
554 2846 688 2889 potest,
722 2842 839 2879 facilia
872 2842 1054 2877 reddenda
1086 2845 1178 2877 sunt.
