1846 3242
824 273 883 280 -..
959 260 1031 290 ΧΠ
1107 272 1167 278 ...-

231 362 297 397 28.
330 361 449 410 (Linn.
479 363 504 404 ἓ
537 361 651 406 241.)
710 361 896 396 Vocabula
931 360 1221 396 Malacozoorum
1246 361 1429 397 veteribus
1461 360 1588 396 usitata
1619 360 1756 405 legun-

437 434 495 464 tur
525 430 581 464 vel
614 427 750 464 Graeca
781 429 875 474 apud
906 430 1185 476 Hippocratem,
1224 430 1481 475 Aristotelem,
1513 429 1752 474 Athenaeum,

438 496 683 541 Eustathium‚
726 496 950 544 Oppianum,
991 499 1266 544 Dioscoridem‚
1308 497 1501 543 Galerium,
1543 498 1600 533 vel
1631 496 1752 532 Latina

439 565 534 610 apud
565 565 725 599 Plinium.

233 635 299 669 29.
330 633 446 676 (Linn.
478 635 502 676 ὃ
530 633 642 676 242.)
689 634 825 669 Nomen
842 636 1050 680 genericum
1069 635 1249 681 antiquum
1267 635 1411 681 antiquo
1428 635 1553 680 generi
1573 635 1755 670 convenit.

234 704 297 738 30.
329 702 447 747 (Linn.
477 701 497 748 §
530 702 624 738 243.
662 699 777 750 244.)
837 703 973 739 Nomen
1004 703 1212 749 genoricum
1244 703 1389 748 dignum
1420 714 1499 738 cum
1530 703 1625 748 alio,
1671 703 1756 738 licet

438 771 594 817 aptiore,
627 776 830 817 permutare
861 783 933 808 non
963 772 1061 808 licet.

438 839 587 874 Nomiiia
619 840 814 886 generica,
848 842 1014 887 quamdiu
1045 852 1247 887 synonyma
1278 841 1387 887 digna
1418 842 1456 877 iu
1484 846 1626 889 promtu
1657 846 1755 888 sunt,

509 921 602 945 nova
634 921 705 946 non
738 911 917 957 lingenda.

441 980 671 1024 [Paludinella
702 981 810 1016 Beck.

440 1048 661 1085 Littorinella
692 1050 819 1085 Braun.
924 1062 978 1080 :-
1009 1046 1193 1092 Hydrobia
1224 1046 1357 1082 Hartm.

441 1116 687 1153 Paludestrina
718 1118 847 1153 D'Orh.

444 1186 640 1233 Porphyria
672 1187 797 1222 Bolten
829 1200 883 1218 Ξ
916 1185 1016 1221 Oliva
1047 1185 1156 1230 Brug.

443 1256 626 1291 Galateola
657 1256 819 1301 Fleming

440 1325 685 1370 Potamopliila
717 1324 816 1359 Sow.
867 1243 883 1449 ξ
922 1335 975 1353 =
1007 1320 1138 1367 Egeria
1168 1321 1309 1366 Roissy.

441 1392 671 1438 Megadesma
703 1391 827 1427 Bowd.

444 1461 623 1497 Scarabus
654 1460 779 1496 Montf.
811 1471 866 1491 -τ
898 1456 1098 1501 Polydonta
1128 1456 1246 1493 Fisch.

441 1531 599 1566 Priamus
631 1530 727 1565 Beck
758 1541 813 1560 .--..-
844 1527 946 1562 Halia
976 1526 1093 1560 Risso.

444 1600 561 1635 Pteria
594 1598 743 1645 Scopoli
774 1610 828 1628 =
860 1594 1011 1630 Avicula
1042 1593 1158 1628 Klein.

444 1667 746 1714 Polypliemopsis
777 1664 947 1700 Portlock
978 1676 1031 1694 ε
1064 1662 1200 1698 Eulima
1230 1664 1336 1707 mss—,J

239 1737 306 1773 31.
336 1737 451 1780 (Linn.
484 1738 508 1779 ς
541 1736 656 1778 245.)
714 1734 850 1769 Nomen
873 1733 1081 1778 genericum
1113 1732 1212 1767 unius
1244 1734 1405 1780 generis,
1438 1735 1506 1770 nisi
1536 1747 1761 1782 supervaca-

442 1817 562 1850 neum,
595 1805 630 1839 in
661 1804 757 1839 aliud
787 1802 975 1838 transferri
1005 1811 1076 1836 non
1107 1801 1229 1847 debet,
1260 1802 1346 1837 licet
1367 1803 1483 1839 eidem
1505 1805 1622 1851 aptius
1655 1816 1760 1841 com-

444 1877 597 1920 peteret.

445 1943 689 1987 [Cyclostoma
702 1940 846 1975 Selium.
862 1939 1047 1984 rejiciatur
1069 1958 1112 1963 —
1136 1943 1354 1975 sustentetur
1371 1941 1598 1986 Cyclostoma
1615 1941 1759 1979 Lamck.

440 2012 576 2047 Nanina
607 2012 697 2046 Riss.
729 2009 910 2055 superflua
947 2028 990 2034 -—
1027 2008 1243 2044 admittenda
1271 2009 1406 2045 Nanina
1431 2010 1550 2055 Gray]

238 2083 304 2118 32.
335 2082 452 2125 (Linn.
483 2084 508 2125 ἓ
541 2082 653 2124 246.)
728 2080 767 2115 Si
808 2091 922 2125 genus
962 2083 1148 2122 receptum
1193 2078 1387 2113 secundum
1427 2080 1486 2124 jus
1534 2084 1678 2115 naturae
1724 2084 1762 2115 et

386 2145 388 2147 ¹
445 2152 531 2187 artis
563 2152 597 2185 in
630 2151 730 2196 plura
762 2150 879 2185 dirimi
911 2148 1032 2192 debet,
1063 2152 1137 2181 tum
1163 2158 1292 2182 nomen
1324 2152 1428 2183 autea
1459 2158 1647 2184 commune
1679 2161 1760 2185 ma-

445 2219 542 2254 nebit
573 2219 842 2263 vulgatissimae
873 2222 909 2252 et
940 2217 1109 2252 officinali
1142 2217 1290 2263 speciei.

445 2289 645 2332 [Strombus
663 2287 759 2324 Linn.
783 2308 825 2313 -
850 2288 1057 2322 emittuntur
1073 2286 1277 2332 Pterocera,
1296 2286 1502 2332 Chenopus‚
1520 2285 1761 2335 Rostellaria]

240 2357 305 2390 33-
336 2356 453 2401 [Linn.
484 2358 509 2399 ς
541 2357 654 2400 247.)
729 2356 878 2391 Nomina
919 2356 1090 2400 generica
1122 2355 1253 2390 Latinis
1295 2356 1405 2390 literis
1446 2356 1628 2401 pingenda
1665 2360 1760 2401 sunt,

447 2436 514 2459 nec
546 2426 757 2469 omittenda,
790 2436 880 2470 quae
912 2424 1117 2458 necessaria
1148 2428 1230 2458 sunt
1260 2423 1303 2458 ad
1334 2424 1606 2469 etymologiam.

447 2494 588 2528 Transit
619 2504 664 2529 αι
694 2494 728 2528 in
760 2504 802 2528 ae
825 2512 868 2517 —
892 2492 1073 2536 Limnaea,
1105 2502 1176 2526 non
1206 2491 1361 2526 Limnea.

610 2569 649 2597 ει
678 2561 713 2594 in
745 2572 765 2594 e
789 2579 831 2584 —
859 2558 1207 2595 Exotenobranchia.

615 2639 654 2666 ει
684 2630 719 2664 in
751 2629 762 2664 i
785 2649 827 2653 —
852 2628 1084 2664 Chilostoma.

614 2708 639 2748 η
671 2697 707 2732 in
738 2707 758 2732 e
782 2716 824 2721 —
847 2696 986 2731 Pirena.

617 2777 643 2816 η
675 2766 779 2801 finale
810 2766 845 2801 in
876 2777 895 2801 a
918 2785 960 2790 ——
984 2765 1134 2810 Arctoa,
1167 2775 1238 2800 nou
1269 2763 1415 2800 Arctoe.

614 2831 651 2870 θ
681 2835 716 2870 in
747 2836 784 2870 th
810 2855 849 2860 —
873 2835 1019 2881 Tethys.
