1846 3242
530 1369 1164 1428 PROOEMIUM.

231 1636 494 1685 Primordia
541 1635 660 1683 haec
715 1633 883 1681 indicis
940 1649 1165 1699 generum
1219 1636 1610 1688 Malacozoorum

93 1732 214 1782 quae
250 1719 530 1777 contineant,
570 1714 705 1763 titulo
742 1715 974 1779 inscripsi.
1045 1715 1121 1763 Ea
1153 1732 1272 1765 vero
1309 1717 1416 1765 dum
1452 1722 1611 1768 scien-

95 1800 201 1844 tiam
237 1797 499 1846 colentibus
537 1796 709 1855 offero,
747 1809 840 1840 non
877 1795 978 1841 sine
1014 1810 1181 1859 magna
1215 1795 1526 1847 haesitatione
1563 1805 1610 1848 et

94 1876 194 1923 sere
248 1875 488 1924 timiditate
541 1873 767 1941 procedo.
838 1871 1054 1922 Infirmae
1090 1877 1210 1922 enim
1253 1878 1408 1938 vires,
1464 1895 1609 1944 parca

93 1956 291 2016 auxilia,
337 1958 544 2020 ignotum
590 1970 787 2021 prorsus
823 1957 1014 2003 nomen!
1074 1956 1177 2005 Sed
1214 1958 1464 2022 aliquando
1503 1965 1607 2007 tan-

94 2038 198 2086 dem
234 2040 407 2084 initium
443 2036 704 2085 faciendum
741 2040 837 2093 est3
875 2050 1027 2098 neque
1059 2051 1151 2100 ego
1177 2037 1235 2085 ab
1262 2041 1381 2086 omni
1409 2039 1608 2088 utilitate

93 2116 343 2165 destitutos
379 2117 483 2165 fore
520 2122 716 2164 conatus
752 2131 883 2162 meos
919 2132 1088 2182 spero,
1127 2120 1168 2165 si
1205 2119 1388 2182 quando
1426 2120 1519 2181 fiat,
1557 2125 1609 2168 ut

89 2198 323 2263 probior-is
360 2200 532 2262 ingenii
568 2199 644 2245 vir
680 2197 830 2244 eidem
867 2212 1057 2261 operam
1094 2214 1224 2244 suam
1254 2204 1399 2246 navet
1433 2199 1599 2248 labori.

90 2276 375 2341 Nuper-rime
411 2276 591 2339 quidem
620 2276 832 2340 Agassiz
853 2278 906 2323 N
910 2278 1271 2327 omenclatorem
1303 2281 1605 2346 zoologicum

92 2360 386 2423 conscripsit,
425 2357 511 2405 sed
542 2360 814 2406 arctissimis
835 2357 1001 2405 finibus
1028 2358 1255 2406 inclusum
1281 2375 1432 2424 neque
1468 2362 1603 2410 lacu-

91 2453 192 2483 nam
230 2438 306 2500 qui
342 2439 493 2501 possit
536 2437 747 2502 explere.
819 2437 1003 2484 Etenim
1051 2454 1169 2503 opus
1207 2439 1341 2487 nobis
1379 2442 1601 2507 catalogo

90 2523 164 2565 est
198 2518 448 2583 ampliore,
499 2525 549 2565 ut
593 2535 826 2566 nauseosa
874 2520 1079 2566 evitetur
1123 2535 1332 2583 magnam
1380 2520 1604 2569 librorum

90 2597 367 2662 farraginem
404 2597 580 2646 diutino
617 2598 782 2647 labore
814 2598 1442 2664 perscrutandinecessitas,
1482 2618 1602 2666 quo-

91 2679 179 2725 ties
216 2677 276 2724 de
311 2677 407 2725 levi
457 2678 612 2741 aliqua
658 2681 884 2727 scientiae
930 2687 1063 2744 parte
1108 2680 1217 2744 quid
1253 2682 1332 2728 alii
1370 2685 1604 2731 senserint

92 2758 318 2804 certiores
357 2756 456 2804 fieri
494 2757 733 2817 volumus3
781 2776 901 2825 opus
950 2768 1023 2809 est
1070 2765 1349 2827 synonymia
1384 2763 1601 2830 locuple-

92 2838 234 2896 tiore3
291 2853 409 2902 opus
457 2844 503 2885 et
550 2840 898 2889 nomenclatura
943 2842 1187 2891 emendata
1232 2848 1280 2891 et
1315 2843 1601 2893 collectione
