1846 3242
322 1246 573 1302 Leges
628 1239 1334 1301 nomenclationis9

401 1335 548 1391 quales
577 1334 799 1377 Limnaeus
828 1335 870 1374 in
902 1334 1117 1375 Botam‘ce
1147 1333 1258 1375 tulit.

210 1426 332 1468 Cous.
362 1426 481 1468 Linn.
514 1425 789 1479 Philosophia
821 1425 1018 1467 botanica
1051 1425 1074 1479 ξ
1105 1425 1373 1467 210—225.
1406 1427 1447 1473 ⁴³)

80 1634 111 1669 1.
144 1633 256 1676 (Linn.
288 1634 312 1675 ὃ
340 1631 454 1677 210.)
514 1631 762 1668 Denominatio
793 1630 942 1665 alterum
974 1629 1145 1664 scientiae
1178 1629 1463 1673 fundamentum,
1497 1628 1588 1663 facta

282 1701 536 1747 dispositione,
569 1700 709 1736 nomina
741 1699 889 1745 primum
922 1698 1092 1744 imponat.

347 1769 495 1805 Nomina
527 1769 557 1803 si
588 1768 720 1812 nescis,
753 1767 845 1813 perit
874 1770 910 1802 et
941 1766 1101 1812 cognitio
1134 1777 1263 1801 rerum.

281 1837 451 1872 Veterum
499 1837 639 1872 nomina
695 1836 904 1883 plerumque
959 1835 1264 1881 praestantissima
1283 1862 1293 1880 ‚
1350 1833 1590 1870 recentiorum

348 1905 473 1952 pejora
507 1905 618 1940 fuere.

79 1974 115 2009 2.
146 1973 260 2019 (Linn.
292 1974 317 2016 §
353 1971 468 2016 211.)
541 1973 689 2008 Nomina
734 1983 818 2007 vera
865 1971 1081 2006 Malacozois
1128 1971 1311 2018 imponere
1357 1971 1590 2017 Malacologis

282 2041 446 2087 genuinis
478 2045 610 2076 tantum
643 2041 677 2075 in
709 2044 888 2087 potestate
921 2045 987 2075 est,

350 2108 594 2154 Malacologus
626 2109 725 2144 novit
746 2120 880 2155 genera
907 2109 1073 2144 distincta
1095 2113 1130 2144 et
1151 2110 1292 2145 nomina
1311 2113 1413 2146 antea
1437 2114 1592 2157 recepta.

351 2176 489 2212 Idiotae
521 2178 724 2224 imposuere
757 2178 898 2213 nomina
931 2178 1099 2213 absurda.

353 2246 598 2291 [Spectrorum
630 2246 789 2281 candela.
826 2245 984 2279 Tonitrui
1017 2245 1176 2287 cuneus]

83 2314 118 2350 3.
150 2312 270 2359 (Linn.
301 2314 325 2356 ἓ
354 2312 467 2355 212.)
526 2313 674 2348 Nomina
715 2313 792 2359 ipsa
832 2317 912 2349 sunt
950 2314 985 2348 in
1016 2314 1302 2350 Malacozoorum
1342 2317 1593 2352 enunciatione

285 2380 342 2417 vel
375 2385 518 2426 muta,
552 2385 589 2416 ut
619 2381 742 2416 classis
763 2385 798 2416 et
817 2381 967 2427 ordinis,
1000 2383 1056 2418 vel
1079 2393 1279 2429 sonora,
1300 2388 1349 2430 <ut
1371 2385 1593 2430 genoricum,

285 2448 490 2495 specificam
521 2453 556 2484 et
586 2449 737 2484 varians.

286 2516 421 2552 Nomen
453 2527 557 2552 omne
589 2517 767 2552 constabit
797 2517 939 2553 nomine
970 2519 1143 2564 generico
1175 2524 1211 2556 et
1230 2521 1413 2567 specifico.
1458 2522 1594 2557 Nomen

356 2585 482 2621 classis
514 2590 550 2621 et
580 2586 716 2622 ordinis
747 2597 922 2633 nunquam
953 2572 1132 2623 intrabunt
1162 2599 1291 2624 nomen
1331 2589 1492 2635 speciei,
1532 2589 1595 2625 sed

357 2655 680 2702 subintelligantur.

199 2851 239 2903 ὅθ)
271 2853 367 2898 Quae
400 2866 444 2892 ex
474 2855 561 2892 meis
593 2855 727 2903 addidi,
760 2856 897 2893 uncinis
929 2856 969 2901 []
1000 2857 1237 2894 includuntur.
