<?xml version="1.0" encoding="UTF-8"?>
<!DOCTYPE html PUBLIC "-//W3C//DTD XHTML 1.0 Transitional//EN"
    "http://www.w3.org/TR/xhtml1/DTD/xhtml1-transitional.dtd">
<html xmlns="http://www.w3.org/1999/xhtml" xml:lang="en" lang="en">
 <head>
  <title>
</title>
<meta http-equiv="Content-Type" content="text/html;charset=utf-8" />
  <meta name='ocr-system' content='tesseract 3.04.00' />
  <meta name='ocr-capabilities' content='ocr_page ocr_carea ocr_par ocr_line ocrx_word'/>
</head>
<body>
  <div class='ocr_page' id='page_1' title='image "./indicisgenerumma01herr_0017.png"; bbox 0 0 1846 3242; ppageno 0'>
   <div class='ocr_carea' id='block_1_1' title="bbox 662 262 992 292">
    <p class='ocr_par' dir='ltr' id='par_1_1' title="bbox 662 262 992 292">
     <span class='ocr_line' id='line_1_1' title="bbox 662 262 992 292; baseline 0.003 -11"><span class='ocrx_word' id='word_1_1' title='bbox 662 262 992 292; x_wconf 71' lang='lat' dir='ltr'>-lx—</span> 
     </span>
    </p>
   </div>
   <div class='ocr_carea' id='block_1_2' title="bbox 75 361 1586 547">
    <p class='ocr_par' dir='ltr' id='par_1_2' title="bbox 75 361 1586 547">
     <span class='ocr_line' id='line_1_2' title="bbox 75 361 1586 411; baseline 0.003 -15"><span class='ocrx_word' id='word_1_2' title='bbox 75 362 109 396; x_wconf 79' lang='lat'>7.</span> <span class='ocrx_word' id='word_1_3' title='bbox 141 361 258 405; x_wconf 90' lang='lat' dir='ltr'>(Linn.</span> <span class='ocrx_word' id='word_1_4' title='bbox 290 364 315 406; x_wconf 54' lang='grc' dir='ltr'><strong>ὃ</strong></span> <span class='ocrx_word' id='word_1_5' title='bbox 348 363 462 406; x_wconf 90' lang='grc'>220.)</span> <span class='ocrx_word' id='word_1_6' title='bbox 523 364 671 399; x_wconf 83' lang='lat' dir='ltr'>Nomina</span> <span class='ocrx_word' id='word_1_7' title='bbox 702 365 872 410; x_wconf 82' lang='lat' dir='ltr'>generica</span> <span class='ocrx_word' id='word_1_8' title='bbox 904 365 1082 411; x_wconf 88' lang='lat' dir='ltr'>primitiva</span> <span class='ocrx_word' id='word_1_9' title='bbox 1113 374 1217 400; x_wconf 92' lang='lat' dir='ltr'>nemo</span> <span class='ocrx_word' id='word_1_10' title='bbox 1240 375 1344 399; x_wconf 91' lang='lat' dir='ltr'>sanus</span> <span class='ocrx_word' id='word_1_11' title='bbox 1381 365 1586 400; x_wconf 74' lang='lat' dir='ltr'>introducit.</span> 
     </span>
     <span class='ocr_line' id='line_1_3' title="bbox 277 430 1586 473; baseline 0.002 -8"><span class='ocrx_word' id='word_1_12' title='bbox 277 430 399 473; x_wconf 89' lang='lat' dir='ltr'>[Yetus</span> <span class='ocrx_word' id='word_1_13' title='bbox 419 431 601 466; x_wconf 88' lang='lat' dir='ltr'>Adauson.</span> <span class='ocrx_word' id='word_1_14' title='bbox 633 432 770 467; x_wconf 90' lang='lat' dir='ltr'>Oscana</span> <span class='ocrx_word' id='word_1_15' title='bbox 800 433 904 468; x_wconf 78' lang='grc' dir='ltr'>Βοεο.</span> <span class='ocrx_word' id='word_1_16' title='bbox 932 432 1086 468; x_wconf 89' lang='lat' dir='ltr'>Artolon</span> <span class='ocrx_word' id='word_1_17' title='bbox 1116 433 1239 468; x_wconf 83' lang='lat' dir='ltr'>Montf.</span> <span class='ocrx_word' id='word_1_18' title='bbox 1271 433 1437 469; x_wconf 78' lang='lat' dir='ltr'>Padollus</span> <span class='ocrx_word' id='word_1_19' title='bbox 1464 434 1586 468; x_wconf 78' lang='lat' dir='ltr'>Montf.</span> 
     </span>
     <span class='ocr_line' id='line_1_4' title="bbox 346 500 1489 547; baseline 0.001 -12"><span class='ocrx_word' id='word_1_20' title='bbox 346 501 486 547; x_wconf 88' lang='lat' dir='ltr'>Tapada</span> <span class='ocrx_word' id='word_1_21' title='bbox 519 502 619 537; x_wconf 87' lang='lat' dir='ltr'>Stud.</span> <span class='ocrx_word' id='word_1_22' title='bbox 652 502 751 537; x_wconf 84' lang='lat' dir='ltr'>Obba</span> <span class='ocrx_word' id='word_1_23' title='bbox 784 503 890 538; x_wconf 85' lang='lat' dir='ltr'><strong>Beck.</strong></span> <span class='ocrx_word' id='word_1_24' title='bbox 922 502 1051 546; x_wconf 68' lang='lat' dir='ltr'>Lotffia,</span> <span class='ocrx_word' id='word_1_25' title='bbox 1085 502 1190 545; x_wconf 73' lang='lat' dir='ltr'>Liria,</span> <span class='ocrx_word' id='word_1_26' title='bbox 1223 502 1338 537; x_wconf 85' lang='lat' dir='ltr'>Tralia</span> <span class='ocrx_word' id='word_1_27' title='bbox 1366 500 1489 546; x_wconf 57' lang='lat' dir='ltr'>Gray]</span> 
     </span>
    </p>
   </div>
   <div class='ocr_carea' id='block_1_3' title="bbox 73 580 1588 832">
    <p class='ocr_par' dir='ltr' id='par_1_3' title="bbox 73 580 1588 832">
     <span class='ocr_line' id='line_1_5' title="bbox 73 580 1588 629; baseline 0.001 -14"><span class='ocrx_word' id='word_1_28' title='bbox 73 581 110 615; x_wconf 82' lang='lat'>8.</span> <span class='ocrx_word' id='word_1_29' title='bbox 141 580 255 623; x_wconf 88' lang='lat' dir='ltr'>(Linn.</span> <span class='ocrx_word' id='word_1_30' title='bbox 287 583 312 624; x_wconf 62' lang='grc' dir='ltr'><strong>δ</strong></span> <span class='ocrx_word' id='word_1_31' title='bbox 345 581 460 623; x_wconf 88' lang='grc'>221.)</span> <span class='ocrx_word' id='word_1_32' title='bbox 521 583 668 618; x_wconf 80' lang='lat' dir='ltr'>Nomina</span> <span class='ocrx_word' id='word_1_33' title='bbox 700 585 869 629; x_wconf 85' lang='lat' dir='ltr'>generica</span> <span class='ocrx_word' id='word_1_34' title='bbox 901 595 946 619; x_wconf 87' lang='lat' dir='ltr'>ex</span> <span class='ocrx_word' id='word_1_35' title='bbox 984 584 1122 619; x_wconf 90' lang='lat' dir='ltr'>duobus</span> <span class='ocrx_word' id='word_1_36' title='bbox 1154 583 1337 618; x_wconf 83' lang='lat' dir='ltr'>vocabulis</span> <span class='ocrx_word' id='word_1_37' title='bbox 1367 583 1514 628; x_wconf 69' lang='lat' dir='ltr'>integris</span> <span class='ocrx_word' id='word_1_38' title='bbox 1546 593 1588 617; x_wconf 80' lang='lat' dir='ltr'>ac·</span> 
     </span>
     <span class='ocr_line' id='line_1_6' title="bbox 276 649 942 696; baseline 0.008 -14"><span class='ocrx_word' id='word_1_39' title='bbox 276 649 452 684; x_wconf 82' lang='lat' dir='ltr'>distinctis</span> <span class='ocrx_word' id='word_1_40' title='bbox 486 650 592 695; x_wconf 69' lang='lat' dir='ltr'>facta,</span> <span class='ocrx_word' id='word_1_41' title='bbox 625 651 817 696; x_wconf 82' lang='lat' dir='ltr'>releganda</span> <span class='ocrx_word' id='word_1_42' title='bbox 850 657 942 687; x_wconf 88' lang='lat' dir='ltr'>sunt.</span> 
     </span>
     <span class='ocr_line' id='line_1_7' title="bbox 279 715 1587 764; baseline -0.001 -12"><span class='ocrx_word' id='word_1_43' title='bbox 279 715 426 764; x_wconf 85' lang='lat' dir='ltr'>[Cliama</span> <span class='ocrx_word' id='word_1_44' title='bbox 466 720 682 764; x_wconf 82' lang='lat' dir='ltr'>aequilatera</span> <span class='ocrx_word' id='word_1_45' title='bbox 725 720 837 755; x_wconf 89' lang='lat' dir='ltr'>Gualt.</span> <span class='ocrx_word' id='word_1_46' title='bbox 897 719 1020 754; x_wconf 82' lang='lat' dir='ltr'>Murex</span> <span class='ocrx_word' id='word_1_47' title='bbox 1059 718 1246 764; x_wconf 84' lang='lat' dir='ltr'>aporrhais</span> <span class='ocrx_word' id='word_1_48' title='bbox 1279 717 1445 752; x_wconf 85' lang='lat' dir='ltr'>Tournef.</span> <span class='ocrx_word' id='word_1_49' title='bbox 1475 717 1587 752; x_wconf 79' lang='lat' dir='ltr'>Mater</span> 
     </span>
     <span class='ocr_line' id='line_1_8' title="bbox 345 785 1393 832; baseline -0.001 -11"><span class='ocrx_word' id='word_1_50' title='bbox 345 787 537 832; x_wconf 73' lang='lat' dir='ltr'>perlarnm7</span> <span class='ocrx_word' id='word_1_51' title='bbox 569 788 669 822; x_wconf 81' lang='lat' dir='ltr'>Mitra</span> <span class='ocrx_word' id='word_1_52' title='bbox 702 787 918 832; x_wconf 75' lang='lat' dir='ltr'>Hungarica‚</span> <span class='ocrx_word' id='word_1_53' title='bbox 951 787 1016 822; x_wconf 88' lang='lat' dir='ltr'>Pes</span> <span class='ocrx_word' id='word_1_54' title='bbox 1049 787 1233 821; x_wconf 82' lang='lat' dir='ltr'>anserinus</span> <span class='ocrx_word' id='word_1_55' title='bbox 1265 785 1393 827; x_wconf 68' lang='lat' dir='ltr'>Klein]</span> 
     </span>
    </p>
   </div>
   <div class='ocr_carea' id='block_1_4' title="bbox 73 863 1588 1323">
    <p class='ocr_par' dir='ltr' id='par_1_4' title="bbox 73 863 1588 1323">
     <span class='ocr_line' id='line_1_9' title="bbox 73 863 1588 914; baseline 0.002 -15"><span class='ocrx_word' id='word_1_56' title='bbox 73 865 109 899; x_wconf 88' lang='grc'>9.</span> <span class='ocrx_word' id='word_1_57' title='bbox 140 865 255 903; x_wconf 86' lang='lat' dir='ltr'>(Linn.</span> <span class='ocrx_word' id='word_1_58' title='bbox 285 867 309 908; x_wconf 56' lang='grc' dir='ltr'><strong>ἓ</strong></span> <span class='ocrx_word' id='word_1_59' title='bbox 343 863 456 911; x_wconf 88' lang='grc'>222.)</span> <span class='ocrx_word' id='word_1_60' title='bbox 516 867 663 902; x_wconf 84' lang='lat' dir='ltr'>Nomina</span> <span class='ocrx_word' id='word_1_61' title='bbox 696 869 865 913; x_wconf 82' lang='lat' dir='ltr'>generica</span> <span class='ocrx_word' id='word_1_62' title='bbox 895 878 940 903; x_wconf 87' lang='lat' dir='ltr'>ex</span> <span class='ocrx_word' id='word_1_63' title='bbox 972 868 1111 903; x_wconf 88' lang='lat' dir='ltr'>duobus</span> <span class='ocrx_word' id='word_1_64' title='bbox 1152 868 1337 903; x_wconf 76' lang='lat' dir='ltr'>vocabulis</span> <span class='ocrx_word' id='word_1_65' title='bbox 1369 868 1517 914; x_wconf 74' lang='lat' dir='ltr'>integris</span> <span class='ocrx_word' id='word_1_66' title='bbox 1551 872 1588 902; x_wconf 86' lang='lat' dir='ltr'>et</span> 
     </span>
     <span class='ocr_line' id='line_1_10' title="bbox 279 936 1158 982; baseline 0.002 -13"><span class='ocrx_word' id='word_1_67' title='bbox 279 936 492 980; x_wconf 59' lang='grc' dir='ltr'>(10ηῇ11110ῑί5,</span> <span class='ocrx_word' id='word_1_68' title='bbox 526 938 725 982; x_wconf 84' lang='lat' dir='ltr'>composita</span> <span class='ocrx_word' id='word_1_69' title='bbox 757 937 816 971; x_wconf 86' lang='lat' dir='ltr'>vix</span> <span class='ocrx_word' id='word_1_70' title='bbox 847 937 1033 971; x_wconf 82' lang='lat' dir='ltr'>toleranda</span> <span class='ocrx_word' id='word_1_71' title='bbox 1066 940 1158 971; x_wconf 90' lang='lat' dir='ltr'>sunt.</span> 
     </span>
     <span class='ocr_line' id='line_1_11' title="bbox 344 1003 1588 1051; baseline 0.001 -14"><span class='ocrx_word' id='word_1_72' title='bbox 344 1003 527 1049; x_wconf 87' lang='lat' dir='ltr'>Ejusmodi</span> <span class='ocrx_word' id='word_1_73' title='bbox 565 1006 737 1040; x_wconf 84' lang='lat' dir='ltr'>vocabula</span> <span class='ocrx_word' id='word_1_74' title='bbox 777 1005 912 1040; x_wconf 87' lang='lat' dir='ltr'>Graeca</span> <span class='ocrx_word' id='word_1_75' title='bbox 953 1006 1074 1051; x_wconf 86' lang='lat' dir='ltr'>lingua</span> <span class='ocrx_word' id='word_1_76' title='bbox 1121 1004 1359 1051; x_wconf 84' lang='lat' dir='ltr'>pulcherrima</span> <span class='ocrx_word' id='word_1_77' title='bbox 1400 1008 1501 1048; x_wconf 72' lang='lat' dir='ltr'>sunt3</span> <span class='ocrx_word' id='word_1_78' title='bbox 1553 1009 1588 1039; x_wconf 82' lang='lat' dir='ltr'>at</span> 
     </span>
     <span class='ocr_line' id='line_1_12' title="bbox 273 1072 986 1110; baseline 0.004 -3"><span class='ocrx_word' id='word_1_79' title='bbox 273 1072 395 1108; x_wconf 85' lang='lat' dir='ltr'>Latina</span> <span class='ocrx_word' id='word_1_80' title='bbox 426 1084 496 1108; x_wconf 92' lang='lat' dir='ltr'>non</span> <span class='ocrx_word' id='word_1_81' title='bbox 529 1074 633 1109; x_wconf 78' lang='lat' dir='ltr'>facile</span> <span class='ocrx_word' id='word_1_82' title='bbox 665 1075 790 1109; x_wconf 86' lang='lat' dir='ltr'>eadem</span> <span class='ocrx_word' id='word_1_83' title='bbox 822 1075 986 1110; x_wconf 79' lang='lat' dir='ltr'>admittit.</span> 
     </span>
     <span class='ocr_line' id='line_1_13' title="bbox 275 1140 1585 1189; baseline -0.002 -11"><span class='ocrx_word' id='word_1_84' title='bbox 275 1144 474 1187; x_wconf 84' lang='lat' dir='ltr'>[Aximedia</span> <span class='ocrx_word' id='word_1_85' title='bbox 506 1144 613 1179; x_wconf 79' lang='lat' dir='ltr'>Rafin.</span> <span class='ocrx_word' id='word_1_86' title='bbox 644 1145 867 1189; x_wconf 68' lang='lat' dir='ltr'>Mytilimeria</span> <span class='ocrx_word' id='word_1_87' title='bbox 900 1144 1008 1179; x_wconf 88' lang='lat' dir='ltr'>Conr.</span> <span class='ocrx_word' id='word_1_88' title='bbox 1042 1142 1279 1177; x_wconf 88' lang='lat' dir='ltr'>Nudilimaces</span> <span class='ocrx_word' id='word_1_89' title='bbox 1311 1140 1403 1175; x_wconf 87' lang='lat' dir='ltr'>Latr.</span> <span class='ocrx_word' id='word_1_90' title='bbox 1434 1140 1585 1186; x_wconf 86' lang='lat' dir='ltr'>Pedipes</span> 
     </span>
     <span class='ocr_line' id='line_1_14' title="bbox 344 1208 1587 1259; baseline -0.004 -12"><span class='ocrx_word' id='word_1_91' title='bbox 344 1212 479 1247; x_wconf 88' lang='lat' dir='ltr'>Adans.</span> <span class='ocrx_word' id='word_1_92' title='bbox 512 1213 684 1259; x_wconf 83' lang='lat' dir='ltr'>Tergipes</span> <span class='ocrx_word' id='word_1_93' title='bbox 703 1214 789 1249; x_wconf 89' lang='lat' dir='ltr'>Cuv.</span> <span class='ocrx_word' id='word_1_94' title='bbox 820 1212 1099 1248; x_wconf 83' lang='lat' dir='ltr'>Hianticoncliae</span> <span class='ocrx_word' id='word_1_95' title='bbox 1116 1210 1208 1245; x_wconf 88' lang='lat' dir='ltr'>Latr.</span> <span class='ocrx_word' id='word_1_96' title='bbox 1241 1209 1463 1255; x_wconf 85' lang='lat' dir='ltr'>Bisoripallia</span> <span class='ocrx_word' id='word_1_97' title='bbox 1494 1208 1587 1243; x_wconf 81' lang='lat' dir='ltr'>Latr.</span> 
     </span>
     <span class='ocr_line' id='line_1_15' title="bbox 343 1280 694 1323; baseline 0.003 -8"><span class='ocrx_word' id='word_1_98' title='bbox 343 1280 495 1316; x_wconf 89' lang='lat' dir='ltr'>Latiaxis</span> <span class='ocrx_word' id='word_1_99' title='bbox 529 1281 694 1323; x_wconf 85' lang='lat' dir='ltr'>Swains.]</span> 
     </span>
    </p>
   </div>
   <div class='ocr_carea' id='block_1_5' title="bbox 73 1360 1587 1753">
    <p class='ocr_par' dir='ltr' id='par_1_5' title="bbox 73 1360 1587 1753">
     <span class='ocr_line' id='line_1_16' title="bbox 73 1360 1586 1411; baseline -0.001 -12"><span class='ocrx_word' id='word_1_100' title='bbox 73 1364 135 1399; x_wconf 85' lang='lat'>10.</span> <span class='ocrx_word' id='word_1_101' title='bbox 170 1365 288 1407; x_wconf 89' lang='lat' dir='ltr'>(Linn.</span> <span class='ocrx_word' id='word_1_102' title='bbox 319 1367 343 1408; x_wconf 83' lang='lat'>§</span> <span class='ocrx_word' id='word_1_103' title='bbox 376 1366 487 1409; x_wconf 85' lang='grc'>223.)</span> <span class='ocrx_word' id='word_1_104' title='bbox 541 1366 690 1401; x_wconf 83' lang='lat' dir='ltr'>Nomina</span> <span class='ocrx_word' id='word_1_105' title='bbox 730 1365 899 1411; x_wconf 84' lang='lat' dir='ltr'>generica</span> <span class='ocrx_word' id='word_1_106' title='bbox 941 1374 985 1398; x_wconf 86' lang='lat' dir='ltr'>ex</span> <span class='ocrx_word' id='word_1_107' title='bbox 1014 1361 1193 1396; x_wconf 79' lang='lat' dir='ltr'>vocabulo</span> <span class='ocrx_word' id='word_1_108' title='bbox 1226 1360 1363 1396; x_wconf 83' lang='lat' dir='ltr'>Graeco</span> <span class='ocrx_word' id='word_1_109' title='bbox 1396 1365 1431 1396; x_wconf 89' lang='lat' dir='ltr'>et</span> <span class='ocrx_word' id='word_1_110' title='bbox 1461 1361 1586 1397; x_wconf 82' lang='lat' dir='ltr'>Latino</span> 
     </span>
     <span class='ocr_line' id='line_1_17' title="bbox 278 1432 1195 1480; baseline -0.005 -11"><span class='ocrx_word' id='word_1_111' title='bbox 278 1434 521 1480; x_wconf 82' lang='lat' dir='ltr'>similibusque</span> <span class='ocrx_word' id='word_1_112' title='bbox 553 1435 705 1479; x_wconf 62' lang='lat' dir='ltr'>hybrida</span> <span class='ocrx_word' id='word_1_113' title='bbox 738 1446 808 1470; x_wconf 92' lang='lat' dir='ltr'>non</span> <span class='ocrx_word' id='word_1_114' title='bbox 841 1432 1071 1480; x_wconf 86' lang='lat' dir='ltr'>agnoscenda</span> <span class='ocrx_word' id='word_1_115' title='bbox 1104 1435 1195 1465; x_wconf 84' lang='lat' dir='ltr'>sunt.</span> 
     </span>
     <span class='ocr_line' id='line_1_18' title="bbox 275 1499 1586 1547; baseline -0.002 -11"><span class='ocrx_word' id='word_1_116' title='bbox 275 1502 620 1544; x_wconf 84' lang='lat' dir='ltr'>[Pseud-amussium</span> <span class='ocrx_word' id='word_1_117' title='bbox 678 1502 791 1537; x_wconf 85' lang='lat' dir='ltr'>Klein.</span> <span class='ocrx_word' id='word_1_118' title='bbox 853 1501 1204 1547; x_wconf 83' lang='lat' dir='ltr'>Omplialoclatlirum</span> <span class='ocrx_word' id='word_1_119' title='bbox 1256 1499 1368 1534; x_wconf 83' lang='lat' dir='ltr'>Klein.</span> <span class='ocrx_word' id='word_1_120' title='bbox 1430 1499 1586 1534; x_wconf 87' lang='lat' dir='ltr'>Bitomus</span> 
     </span>
     <span class='ocr_line' id='line_1_19' title="bbox 342 1568 1586 1606; baseline -0.002 0"><span class='ocrx_word' id='word_1_121' title='bbox 342 1571 464 1606; x_wconf 81' lang='lat' dir='ltr'>Montf.</span> <span class='ocrx_word' id='word_1_122' title='bbox 526 1572 761 1606; x_wconf 80' lang='lat' dir='ltr'>Cirrotenthis</span> <span class='ocrx_word' id='word_1_123' title='bbox 803 1571 1001 1605; x_wconf 86' lang='lat' dir='ltr'>Eschricht.</span> <span class='ocrx_word' id='word_1_124' title='bbox 1063 1568 1240 1604; x_wconf 84' lang='lat' dir='ltr'>Omalaxis</span> <span class='ocrx_word' id='word_1_125' title='bbox 1272 1569 1380 1603; x_wconf 88' lang='lat' dir='ltr'>Desh.</span> <span class='ocrx_word' id='word_1_126' title='bbox 1443 1568 1586 1604; x_wconf 73' lang='lat' dir='ltr'>Acar-(lo</span> 
     </span>
     <span class='ocr_line' id='line_1_20' title="bbox 344 1636 1587 1681; baseline -0.005 -6"><span class='ocrx_word' id='word_1_127' title='bbox 344 1639 477 1675; x_wconf 84' lang='lat' dir='ltr'>Comm.</span> <span class='ocrx_word' id='word_1_128' title='bbox 538 1640 678 1675; x_wconf 80' lang='lat' dir='ltr'>Acavus</span> <span class='ocrx_word' id='word_1_129' title='bbox 710 1641 833 1675; x_wconf 78' lang='lat' dir='ltr'>Montf.</span> <span class='ocrx_word' id='word_1_130' title='bbox 876 1639 1131 1681; x_wconf 63' lang='lat' dir='ltr'>ll‘Iuricanthus‚</span> <span class='ocrx_word' id='word_1_131' title='bbox 1164 1636 1394 1681; x_wconf 58' lang='lat' dir='ltr'>Paclwlatwra.</span> <span class='ocrx_word' id='word_1_132' title='bbox 1428 1636 1587 1671; x_wconf 84' lang='lat' dir='ltr'>Hemisi-</span> 
     </span>
     <span class='ocr_line' id='line_1_21' title="bbox 343 1705 1482 1753; baseline -0.004 -10"><span class='ocrx_word' id='word_1_133' title='bbox 343 1719 423 1753; x_wconf 69' lang='lat' dir='ltr'>nus,</span> <span class='ocrx_word' id='word_1_134' title='bbox 453 1709 677 1753; x_wconf 76' lang='lat' dir='ltr'>Pseudoliva⁷</span> <span class='ocrx_word' id='word_1_135' title='bbox 711 1708 869 1744; x_wconf 75' lang='lat' dir='ltr'>Geovula</span> <span class='ocrx_word' id='word_1_136' title='bbox 900 1706 1053 1742; x_wconf 82' lang='lat' dir='ltr'>Swains.</span> <span class='ocrx_word' id='word_1_137' title='bbox 1112 1705 1330 1739; x_wconf 88' lang='lat' dir='ltr'>Clathrodon</span> <span class='ocrx_word' id='word_1_138' title='bbox 1362 1705 1482 1748; x_wconf 66' lang='lat' dir='ltr'>Coun]</span> 
     </span>
    </p>
   </div>
   <div class='ocr_carea' id='block_1_6' title="bbox 74 1786 1586 2042">
    <p class='ocr_par' dir='ltr' id='par_1_6' title="bbox 74 1786 1586 1973">
     <span class='ocr_line' id='line_1_22' title="bbox 74 1786 1586 1836; baseline -0.001 -14"><span class='ocrx_word' id='word_1_139' title='bbox 74 1786 136 1824; x_wconf 82' lang='lat'>11.</span> <span class='ocrx_word' id='word_1_140' title='bbox 168 1788 280 1832; x_wconf 90' lang='lat' dir='ltr'>(Linn.</span> <span class='ocrx_word' id='word_1_141' title='bbox 312 1792 336 1832; x_wconf 54' lang='grc' dir='ltr'><strong>ὃ</strong></span> <span class='ocrx_word' id='word_1_142' title='bbox 369 1790 480 1833; x_wconf 83' lang='grc'>224.)</span> <span class='ocrx_word' id='word_1_143' title='bbox 541 1791 687 1826; x_wconf 80' lang='lat' dir='ltr'>Nomina</span> <span class='ocrx_word' id='word_1_144' title='bbox 719 1791 888 1836; x_wconf 82' lang='lat' dir='ltr'>generica</span> <span class='ocrx_word' id='word_1_145' title='bbox 921 1799 965 1823; x_wconf 89' lang='lat' dir='ltr'>ex</span> <span class='ocrx_word' id='word_1_146' title='bbox 995 1797 1067 1822; x_wconf 91' lang='lat' dir='ltr'>uno</span> <span class='ocrx_word' id='word_1_147' title='bbox 1090 1786 1267 1821; x_wconf 78' lang='lat' dir='ltr'>vocabulo</span> <span class='ocrx_word' id='word_1_148' title='bbox 1300 1786 1586 1821; x_wconf 85' lang='lat' dir='ltr'>Malacozoornm</span> 
     </span>
     <span class='ocr_line' id='line_1_23' title="bbox 275 1854 1586 1903; baseline -0.002 -10"><span class='ocrx_word' id='word_1_149' title='bbox 275 1859 448 1903; x_wconf 86' lang='lat' dir='ltr'>generico</span> <span class='ocrx_word' id='word_1_150' title='bbox 498 1860 611 1895; x_wconf 87' lang='lat' dir='ltr'>fracto</span> <span class='ocrx_word' id='word_1_151' title='bbox 653 1860 764 1894; x_wconf 87' lang='lat' dir='ltr'>altero</span> <span class='ocrx_word' id='word_1_152' title='bbox 806 1859 948 1903; x_wconf 85' lang='lat' dir='ltr'>integro</span> <span class='ocrx_word' id='word_1_153' title='bbox 989 1855 1213 1901; x_wconf 80' lang='lat' dir='ltr'>composita,</span> <span class='ocrx_word' id='word_1_154' title='bbox 1255 1854 1489 1901; x_wconf 85' lang='lat' dir='ltr'>Malacologis</span> <span class='ocrx_word' id='word_1_155' title='bbox 1528 1856 1586 1890; x_wconf 92' lang='lat' dir='ltr'>in·—</span> 
     </span>
     <span class='ocr_line' id='line_1_24' title="bbox 275 1928 505 1973; baseline 0.004 -11"><span class='ocrx_word' id='word_1_156' title='bbox 275 1928 381 1973; x_wconf 83' lang='lat' dir='ltr'>digna</span> <span class='ocrx_word' id='word_1_157' title='bbox 413 1933 505 1963; x_wconf 87' lang='lat' dir='ltr'>sunt.</span> 
     </span>
    </p>

    <p class='ocr_par' dir='ltr' id='par_1_7' title="bbox 278 1992 1120 2042">
     <span class='ocr_line' id='line_1_25' title="bbox 278 1992 1120 2042; baseline -0.005 -12"><span class='ocrx_word' id='word_1_158' title='bbox 278 1996 495 2042; x_wconf 89' lang='lat' dir='ltr'>[Venerupis</span> <span class='ocrx_word' id='word_1_159' title='bbox 527 1996 667 2032; x_wconf 79' lang='lat' dir='ltr'>Lamck.</span> <span class='ocrx_word' id='word_1_160' title='bbox 728 1996 919 2031; x_wconf 80' lang='lat' dir='ltr'>Melal&#39;usus</span> <span class='ocrx_word' id='word_1_161' title='bbox 952 1992 1120 2034; x_wconf 70' lang='lat' dir='ltr'>Swains]</span> 
     </span>
    </p>
   </div>
   <div class='ocr_carea' id='block_1_7' title="bbox 71 2071 1584 2322">
    <p class='ocr_par' dir='ltr' id='par_1_8' title="bbox 71 2071 1584 2248">
     <span class='ocr_line' id='line_1_26' title="bbox 71 2071 1584 2121; baseline -0.002 -12"><span class='ocrx_word' id='word_1_162' title='bbox 71 2072 134 2109; x_wconf 82' lang='lat'>12.</span> <span class='ocrx_word' id='word_1_163' title='bbox 166 2074 282 2117; x_wconf 91' lang='lat' dir='ltr'>(Linn.</span> <span class='ocrx_word' id='word_1_164' title='bbox 314 2077 338 2118; x_wconf 60' lang='grc' dir='ltr'><strong>ἕ</strong></span> <span class='ocrx_word' id='word_1_165' title='bbox 371 2075 485 2118; x_wconf 88' lang='grc'>225.)</span> <span class='ocrx_word' id='word_1_166' title='bbox 545 2076 680 2111; x_wconf 89' lang='lat' dir='ltr'>Nomen</span> <span class='ocrx_word' id='word_1_167' title='bbox 720 2075 950 2121; x_wconf 81' lang='lat' dir='ltr'>genericum,</span> <span class='ocrx_word' id='word_1_168' title='bbox 997 2073 1053 2108; x_wconf 87' lang='lat' dir='ltr'>cui</span> <span class='ocrx_word' id='word_1_169' title='bbox 1100 2071 1237 2117; x_wconf 72' lang='lat' dir='ltr'>syllaba</span> <span class='ocrx_word' id='word_1_170' title='bbox 1278 2082 1346 2106; x_wconf 91' lang='lat' dir='ltr'>una</span> <span class='ocrx_word' id='word_1_171' title='bbox 1386 2071 1443 2107; x_wconf 87' lang='lat' dir='ltr'>vel</span> <span class='ocrx_word' id='word_1_172' title='bbox 1475 2072 1584 2107; x_wconf 77' lang='lat' dir='ltr'>altera</span> 
     </span>
     <span class='ocr_line' id='line_1_27' title="bbox 274 2141 1582 2189; baseline -0.002 -11"><span class='ocrx_word' id='word_1_173' title='bbox 274 2144 532 2189; x_wconf 70' lang='lat' dir='ltr'>praeponitur,</span> <span class='ocrx_word' id='word_1_174' title='bbox 574 2149 612 2179; x_wconf 87' lang='lat' dir='ltr'>ut</span> <span class='ocrx_word' id='word_1_175' title='bbox 652 2144 745 2178; x_wconf 88' lang='lat' dir='ltr'>aliud</span> <span class='ocrx_word' id='word_1_176' title='bbox 776 2144 879 2189; x_wconf 90' lang='lat' dir='ltr'>plane</span> <span class='ocrx_word' id='word_1_177' title='bbox 910 2152 1049 2188; x_wconf 73' lang='lat' dir='ltr'>genus,</span> <span class='ocrx_word' id='word_1_178' title='bbox 1090 2151 1191 2186; x_wconf 87' lang='lat' dir='ltr'>quam</span> <span class='ocrx_word' id='word_1_179' title='bbox 1225 2145 1349 2186; x_wconf 82' lang='lat' dir='ltr'>antea,</span> <span class='ocrx_word' id='word_1_180' title='bbox 1392 2141 1582 2187; x_wconf 70' lang='lat' dir='ltr'>significet,</span> 
     </span>
     <span class='ocr_line' id='line_1_28' title="bbox 275 2212 643 2248; baseline 0.005 -3"><span class='ocrx_word' id='word_1_181' title='bbox 275 2212 533 2247; x_wconf 80' lang='lat' dir='ltr'>excludendum</span> <span class='ocrx_word' id='word_1_182' title='bbox 565 2214 643 2248; x_wconf 91' lang='lat' dir='ltr'>erit.</span> 
     </span>
    </p>

    <p class='ocr_par' dir='ltr' id='par_1_9' title="bbox 275 2281 736 2322">
     <span class='ocr_line' id='line_1_29' title="bbox 275 2281 736 2322; baseline -0.002 -7"><span class='ocrx_word' id='word_1_183' title='bbox 275 2281 538 2322; x_wconf 86' lang='lat' dir='ltr'>[Hemitrochus</span> <span class='ocrx_word' id='word_1_184' title='bbox 570 2281 736 2322; x_wconf 65' lang='lat' dir='ltr'>Swains]</span> 
     </span>
    </p>
   </div>
   <div class='ocr_carea' id='block_1_8' title="bbox 74 2357 1582 2613">
    <p class='ocr_par' dir='ltr' id='par_1_10' title="bbox 74 2357 1582 2613">
     <span class='ocr_line' id='line_1_30' title="bbox 74 2357 1582 2406; baseline -0.001 -10"><span class='ocrx_word' id='word_1_185' title='bbox 74 2360 134 2396; x_wconf 89' lang='grc'>13.</span> <span class='ocrx_word' id='word_1_186' title='bbox 167 2361 282 2404; x_wconf 88' lang='lat' dir='ltr'>(Linn.</span> <span class='ocrx_word' id='word_1_187' title='bbox 314 2360 333 2406; x_wconf 87' lang='lat'>§</span> <span class='ocrx_word' id='word_1_188' title='bbox 367 2361 479 2403; x_wconf 83' lang='lat'>226.)</span> <span class='ocrx_word' id='word_1_189' title='bbox 538 2360 684 2395; x_wconf 87' lang='lat' dir='ltr'>Nomina</span> <span class='ocrx_word' id='word_1_190' title='bbox 717 2360 885 2405; x_wconf 72' lang='lat' dir='ltr'>genet-ica</span> <span class='ocrx_word' id='word_1_191' title='bbox 930 2359 964 2393; x_wconf 92' lang='lat' dir='ltr'>in</span> <span class='ocrx_word' id='word_1_192' title='bbox 996 2358 1136 2393; x_wconf 89' lang='lat' dir='ltr'>oides</span> <span class='ocrx_word' id='word_1_193' title='bbox 1168 2357 1392 2403; x_wconf 78' lang='lat' dir='ltr'>desinentia,</span> <span class='ocrx_word' id='word_1_194' title='bbox 1438 2369 1458 2393; x_wconf 84' lang='lat' dir='ltr'>e</span> <span class='ocrx_word' id='word_1_195' title='bbox 1502 2359 1582 2394; x_wconf 75' lang='lat' dir='ltr'>foi-0</span> 
     </span>
     <span class='ocr_line' id='line_1_31' title="bbox 276 2424 959 2473; baseline -0.003 -10"><span class='ocrx_word' id='word_1_196' title='bbox 276 2429 536 2473; x_wconf 84' lang='lat' dir='ltr'>malacologico</span> <span class='ocrx_word' id='word_1_197' title='bbox 570 2428 763 2473; x_wconf 84' lang='lat' dir='ltr'>releganda</span> <span class='ocrx_word' id='word_1_198' title='bbox 796 2431 887 2462; x_wconf 90' lang='lat' dir='ltr'>sunt.</span> <span class='ocrx_word' id='word_1_199' title='bbox 919 2424 959 2469; x_wconf 51' lang='grc' dir='ltr'>ἦε)</span> 
     </span>
     <span class='ocr_line' id='line_1_32' title="bbox 276 2495 1582 2542; baseline 0 -10"><span class='ocrx_word' id='word_1_200' title='bbox 276 2498 492 2541; x_wconf 88' lang='lat' dir='ltr'>[Neritoides</span> <span class='ocrx_word' id='word_1_201' title='bbox 531 2498 733 2532; x_wconf 85' lang='lat' dir='ltr'>Meuschen.</span> <span class='ocrx_word' id='word_1_202' title='bbox 794 2496 996 2541; x_wconf 67' lang='lat' dir='ltr'>Mynloides</span> <span class='ocrx_word' id='word_1_203' title='bbox 1028 2496 1183 2541; x_wconf 85' lang='lat' dir='ltr'>Brongn.</span> <span class='ocrx_word' id='word_1_204' title='bbox 1244 2495 1438 2532; x_wconf 83' lang='lat' dir='ltr'>Patelloida</span> <span class='ocrx_word' id='word_1_205' title='bbox 1476 2496 1582 2542; x_wconf 78' lang='lat' dir='ltr'>Quoy</span> 
     </span>
     <span class='ocr_line' id='line_1_33' title="bbox 277 2564 1319 2613; baseline -0.004 -10"><span class='ocrx_word' id='word_1_206' title='bbox 277 2573 311 2603; x_wconf 82' lang='lat' dir='ltr'>et</span> <span class='ocrx_word' id='word_1_207' title='bbox 344 2568 383 2603; x_wconf 91' lang='lat' dir='ltr'>G.</span> <span class='ocrx_word' id='word_1_208' title='bbox 416 2568 617 2613; x_wconf 68' lang='lat' dir='ltr'>Cyrenoida</span> <span class='ocrx_word' id='word_1_209' title='bbox 646 2568 775 2604; x_wconf 86' lang='lat' dir='ltr'>Joaun.</span> <span class='ocrx_word' id='word_1_210' title='bbox 835 2567 1111 2602; x_wconf 81' lang='lat' dir='ltr'>Pholadidoides</span> <span class='ocrx_word' id='word_1_211' title='bbox 1143 2564 1319 2608; x_wconf 88' lang='lat' dir='ltr'>Goodall.]</span> 
     </span>
    </p>
   </div>
   <div class='ocr_carea' id='block_1_9' title="bbox 180 2775 1577 2823">
    <p class='ocr_par' dir='ltr' id='par_1_11' title="bbox 180 2775 1577 2823">
     <span class='ocr_line' id='line_1_34' title="bbox 180 2775 1577 2823; baseline -0.002 -9"><span class='ocrx_word' id='word_1_212' title='bbox 180 2776 218 2821; x_wconf 38' lang='grc' dir='ltr'>ἅ)</span> <span class='ocrx_word' id='word_1_213' title='bbox 249 2779 325 2814; x_wconf 90' lang='lat' dir='ltr'>Non</span> <span class='ocrx_word' id='word_1_214' title='bbox 358 2779 572 2823; x_wconf 73' lang='lat' dir='ltr'>Botanicns,</span> <span class='ocrx_word' id='word_1_215' title='bbox 615 2780 677 2814; x_wconf 85' lang='lat' dir='ltr'>sed</span> <span class='ocrx_word' id='word_1_216' title='bbox 711 2777 963 2814; x_wconf 84' lang='lat' dir='ltr'>Botanicoides</span> <span class='ocrx_word' id='word_1_217' title='bbox 996 2780 1074 2820; x_wconf 77' lang='lat' dir='ltr'>est,</span> <span class='ocrx_word' id='word_1_218' title='bbox 1118 2775 1176 2821; x_wconf 88' lang='lat' dir='ltr'>qui</span> <span class='ocrx_word' id='word_1_219' title='bbox 1207 2775 1250 2810; x_wconf 89' lang='lat' dir='ltr'>ad</span> <span class='ocrx_word' id='word_1_220' title='bbox 1282 2775 1317 2810; x_wconf 93' lang='lat' dir='ltr'>id</span> <span class='ocrx_word' id='word_1_221' title='bbox 1349 2775 1486 2820; x_wconf 71' lang='lat' dir='ltr'>asylum</span> <span class='ocrx_word' id='word_1_222' title='bbox 1517 2776 1577 2822; x_wconf 88' lang='lat' dir='ltr'>pi-</span> 
     </span>
    </p>
   </div>
   <div class='ocr_carea' id='block_1_10' title="bbox 66 2833 1291 2918">
    <p class='ocr_par' dir='ltr' id='par_1_12' title="bbox 66 2833 1291 2918">
     <span class='ocr_line' id='line_1_35' title="bbox 66 2833 1291 2882; baseline -0.003 -12"><span class='ocrx_word' id='word_1_223' title='bbox 66 2837 194 2881; x_wconf 83' lang='lat' dir='ltr'>gritiae</span> <span class='ocrx_word' id='word_1_224' title='bbox 227 2836 403 2881; x_wconf 83' lang='lat' dir='ltr'>cnosugit.</span> <span class='ocrx_word' id='word_1_225' title='bbox 463 2836 542 2870; x_wconf 92' lang='lat' dir='ltr'>Lin</span> <span class='ocrx_word' id='word_1_226' title='bbox 557 2847 589 2871; x_wconf 92' lang='grc'>11.</span> <span class='ocrx_word' id='word_1_227' title='bbox 623 2837 707 2871; x_wconf 87' lang='lat' dir='ltr'>Crit.</span> <span class='ocrx_word' id='word_1_228' title='bbox 739 2837 812 2871; x_wconf 91' lang='lat' dir='ltr'>bot.</span> <span class='ocrx_word' id='word_1_229' title='bbox 845 2847 879 2882; x_wconf 88' lang='lat' dir='ltr'>p.</span> <span class='ocrx_word' id='word_1_230' title='bbox 913 2835 978 2869; x_wconf 87' lang='lat'>35.</span> <span class='ocrx_word' id='word_1_231' title='bbox 1011 2833 1068 2867; x_wconf 88' lang='lat' dir='ltr'>cit.</span> <span class='ocrx_word' id='word_1_232' title='bbox 1102 2833 1291 2879; x_wconf 83' lang='lat' dir='ltr'>Sprengel.</span> 
     </span>
     <span class='ocr_line' id='line_1_36' title="bbox 1166 2897 1189 2918; baseline 0 0"><span class='ocrx_word' id='word_1_233' title='bbox 1166 2897 1189 2918; x_wconf 62' lang='grc' dir='ltr'>ἢ(-</span> 
     </span>
    </p>
   </div>
  </div>
 </body>
</html>
