1846 3242
723 257 1007 298 -issae

114 376 456 412 Aetium-eras
486 370 643 411 Bronn.
675 371 831 411 contin

387 439 558 481 Momus
590 438 712 479 1843.
746 437 880 479 Catal
911 452 951 491 p.
985 437 1078 478 170.

321 506 560 560 Qucnstcdt
591 506 703 545 1840
732 506 775 545 in
805 504 966 546 Leonh.
1007 512 1050 546 et
1080 504 1150 545 ΒΓ.
1181 504 1327 546 Jahrb.
1365 518 1406 559 p.
1438 504 1534 544 266.
1567 528 1621 533 -

386 574 568 616 eandem
606 573 797 626 siphonis
838 578 1096 613 structuram
1133 572 1330 613 omnibus
1368 571 1622 613 Orthocera-

387 646 474 685 titis
505 653 770 684 communem
802 652 899 679 esse
931 639 1113 680 edocuit..

323 711 525 752 Adsentit
554 709 621 750 De
651 707 852 749 Koninck
886 709 1007 748 1844.
1038 708 1157 748 Terr.
1189 707 1337 747 houill.
1369 720 1409 760 p.
1438 706 1534 746 502.

237 798 290 817 =
323 777 743 821 Conotubularia
771 776 930 816 Troost
960 779 1088 824 (teste
1119 773 1185 815 De
1215 771 1346 826 Kon.)

236 866 289 885 Ξ
322 846 746 889 Orthoceratites
783 843 938 898 Breyn.

116 922 364 957 Actinota
393 913 561 953 HARTM.
595 912 717 952 1840.
748 911 866 966 Syst.
896 909 1074 951 Uebers.

320 981 470 1038 Elym.
503 975 741 1032 ἇκτινωτός,
771 981 902 1022 radiis
934 980 1112 1022 cinctus.

320 1050 553 1105 Subgenus
581 1050 754 1091 Helicis.

116 1129 254 1162 Acus
284 1120 520 1162 HUMPHREY
552 1120 676 1160 1797.
706 1118 820 1160 Mus.
852 1118 1031 1160 Calonn.
1060 1122 1075 1133 '

321 1187 473 1242 Etym.
503 1187 628 1228 Nom.
661 1186 817 1239 appell.

239 1274 292 1293 ..τ
324 1256 556 1297 Terebra
584 1255 749 1296 Adans.
782 1256 912 1306 (teste
943 1252 1149 1303 Swains.)

117 1333 392 1374 Aeyonaea
422 1323 554 1364 DEsn.
587 1336 733 1363 errore
765 1347 820 1351 ——
849 1323 935 1363 vid.
967 1321 1133 1362 Acion
1145 1334 1181 1361 a.

118 1398 333 1432 Asnaum
362 1391 598 1432 EicnwALD
618 1391 739 1430 1838.
759 1390 891 1431 Faun.
910 1390 1037 1443 Casp.
1056 1403 1159 1430 mai.
1194 1389 1314 1442 prim.
1333 1389 1464 1429 test.
1481 1387 1629 1429 Brenn

390 1462 434 1500 in
464 1459 624 1501 Leonh.
655 1466 698 1500 et
727 1458 798 1499 ΒΓ.
828 1458 974 1499 Jahrb.
995 1457 1117 1497 1838.
1148 1471 1190 1510 p.
1221 1456 1318 1496 734.
1350 1463 1393 1497 et
1421 1454 1630 1540 Tioschel

390 1529 434 1568 in
463 1525 1122 1581 Wiegm.Arch.1839.11.p.
1154 1526 1252 1564 240.

326 1593 479 1649 Etym.
512 1609 539 1636 α
569 1595 746 1647 privat&
779 1591 932 1648 δάκνω,
962 1595 1154 1636 mordeo.

325 1661 497 1702 Novum
542 1675 680 1716 genus
727 1661 884 1703 Cardio
931 1663 1084 1716 affine,
1134 1676 1159 1704 a
1207 1674 1293 1716 quo
1342 1661 1542 1702 dentibus
1588 1668 1632 1702 et

396 1730 685 1770 cardinalibus
736 1736 779 1770 et
823 1729 1074 1770 lateralibus
1119 1729 1289 1770 abolitis
1331 1729 1485 1769 differt.
1555 1727 1632 1769 Sin

398 1804 540 1838 autem
570 1799 765 1852 ejusdem
797 1799 987 1839 auctoris
1016 1809 1176 1849 genera
1191 1795 1385 1836 Didacna
1415 1801 1457 1836 et
1481 1794 1633 1835 Mono-

397 1866 534 1907 dacna
562 1879 658 1907 cum
701 1868 795 1907 istis
835 1871 1158 1920 comparantur,
1203 1865 1409 1904 transitus
1453 1877 1531 1917 per
1560 1863 1634 1903 Di-

400 1935 578 1976 dacnam
616 1940 659 1974 et
697 1934 1013 1975 Monodacnam
1056 1945 1081 1972 a
1117 1930 1274 1972 Cardio
1320 1931 1375 1971 ad
1411 1930 1634 1971 Adacnam

399 2003 609 2058 gradatim
640 2003 835 2056 efficitur,
867 2009 914 2043 ut
935 2002 1076 2042 omnia
1099 1999 1403 2053 conjungenda
1433 2012 1532 2039 esse
1563 2011 1634 2051 ap-

399 2076 568 2123 pareat;
601 2072 662 2111 sic
690 2078 891 2112 monente
905 2069 1134 2122 Deshayes
1164 2069 1208 2108 in
1232 2066 1359 2108 Mem.
1390 2065 1490 2107 Soc.
1521 2065 1633 2119 geol.

403 2138 526 2178 1838.
556 2138 624 2178 ΙΙΙ.
656 2153 696 2191 p.
713 2138 923 2180 37—69.
957 2138 971 2152 *
1004 2134 1235 2178 >Leonh.
1253 2141 1295 2175 et
1311 2133 1470 2175 Bronn.
1488 2132 1632 2174 Jahrb.

403 2205 525 2246 1838.
556 2220 595 2258 p.
627 2207 723 2246 621.

337 2271 498 2328 Synon.
531 2272 801 2327 Glycymeris
833 2273 989 2325 (spec)
1021 2270 1243 2312 Eichwald
1275 2270 1388 2310 olim.

400 2341 596 2396 Hypanis
629 2342 768 2395 (pars)
799 2341 982 2382 Pander.

403 2408 710 2462 Amphidesma
742 2410 896 2462 (spec.)
932 2405 1153 2461 Krynicki.

364 2476 575 2517 ‘ZAcardo
605 2475 790 2517 Swains.

404 2543 646 2596 Aphrodita
675 2542 774 2583 Lea.

132 2616 557 2653 Adelobranchia
601 2609 794 2651 Dmfflssu.
849 2609 970 2649 1807.
1026 2608 1169 2648 Trajte
1225 2606 1345 2646 elem.
1394 2608 1407 2621 “
1456 2606 1637 2646 testibus

402 2675 649 2732 Schweigg.
687 2677 890 2732 Natgsch.
937 2691 977 2730 p.
1018 2675 1115 2715 719.
1162 2673 1328 2714 Blainv.
1359 2672 1459 2714 Mal.
1498 2687 1539 2726 p.
1569 2673 1637 2713 41.

404 2743 537 2784 Desh.
568 2743 672 2785 Enc.
702 2745 829 2785 meth.
859 2743 908 2784 II.
941 2743 980 2783 6.

334 2809 484 2865 Etym.
515 2805 687 2866 ἄδηλος,
717 2812 1046 2864 inconspicuus3
1076 2806 1271 2864 βράγχια,
1302 2808 1543 2849 branchiae.
